@Article{raiborgRepeatedEREndosome2015,
  title = {Repeated {{ER}}â€“Endosome Contacts Promote Endosome Translocation and Neurite Outgrowth},
  author = {Camilla Raiborg and Eva M. Wenzel and Nina M. Pedersen and Hallvard Olsvik and Kay O. Schink and Sebastian W. Schultz and Marina Vietri and Veronica Nisi and Cecilia Bucci and Andreas Brech and Terje Johansen and Harald Stenmark},
  date = {2015-04},
  journaltitle = {Nature},
  volume = {520},
  number = {7546},
  pages = {234--238},
  issn = {1476-4687},
  doi = {10.1038/nature14359},
  url = {https://www.nature.com/articles/nature14359},
  urldate = {2019-09-20},
  langid = {english},
  keywords = {First year report},
}
@Article{kosekiSelectiveRab11Transport2017,
  title = {Selective Rab11 Transport and the Intrinsic Regenerative Ability of {{CNS}} Axons},
  author = {Hiroaki Koseki and Matteo Doneg{\~A}{\textflorin}{\^A}{\textexclamdown} and Brian YH Lam and Veselina Petrova and Susan {van Erp} and Giles SH Yeo and Jessica CF Kwok and Charles {ffrench- Constant} and Richard Eva and James W Fawcett},
  editor = {K VijayRaghavan},
  options = {useprefix=true},
  date = {2017-08-08},
  journaltitle = {eLife},
  volume = {6},
  pages = {e26956},
  issn = {2050-084X},
  doi = {10.7554/eLife.26956},
  url = {https://doi.org/10.7554/eLife.26956},
  urldate = {2019-01-09},
  keywords = {axon regeneration,axonal transport,axotomy,endosomes,First year report,Search: initial,small GTPases,trafficking},
}
