
@article{amatoAMPActivatedProteinKinase2011,
  title = {{{AMP}}-{{Activated Protein Kinase Regulates Neuronal Polarization}} by {{Interfering}} with {{PI}} 3-{{Kinase Localization}}},
  author = {Amato, Stephen and Liu, Xiuxin and Zheng, Bin and Cantley, Lewis and Rakic, Pasko and Man, Heng-Ye},
  year = {2011},
  month = apr,
  volume = {332},
  pages = {247--251},
  publisher = {{American Association for the Advancement of Science}},
  issn = {0036-8075, 1095-9203},
  doi = {10.1126/science.1201678},
  url = {https://science-sciencemag-org.ezp.lib.cam.ac.uk/content/332/6026/247},
  urldate = {2020-04-03},
  chapter = {Report},
  copyright = {Copyright \textcopyright{} 2011, American Association for the Advancement of Science},
  journal = {Science},
  language = {en},
  number = {6026},
  pmid = {21436401}
}

@techreport{andres-alonsoSIPA1L2ControlsTrafficking2019,
  title = {{{SIPA1L2}} Controls Trafficking and Signaling of {{TrkB}}-Containing Amphisomes at Presynaptic Terminals},
  author = {{Andres-Alonso}, Maria and Ammar, Mohamed Raafet and Butnaru, Ioana and Gomes, Guilherme M. and Sanhueza, Gustavo Acuna and Raman, Rajeev and Yuanxiang, PingAn and Borgmeyer, Maximilian and {Lopez-Rojas}, Jeffrey and Raza, Syed Ahsan and Brice, Nicola and Hausrat, Torben J. and Macharadze, Tamar and {Diaz-Gonzalez}, Silvia and Carlton, Mark and Failla, Antonio Virgilio and Stork, Oliver and Schweizer, Michaela and Gundelfinger, Eckart D. and Kneussel, Matthias and Spilker, Christina and Karpova, Anna and Kreutz, Michael R.},
  year = {2019},
  month = feb,
  institution = {{Neuroscience}},
  doi = {10.1101/556266},
  url = {http://biorxiv.org/lookup/doi/10.1101/556266},
  urldate = {2019-04-15},
  language = {en},
  type = {Preprint}
}

@article{arantesRoleSynaptotagminVIIRegulated2006,
  title = {A {{Role}} for {{Synaptotagmin VII}}-{{Regulated Exocytosis}} of {{Lysosomes}} in {{Neurite Outgrowth}} from {{Primary Sympathetic Neurons}}},
  author = {Arantes, Rosa M. E. and Andrews, Norma W.},
  year = {2006},
  month = apr,
  volume = {26},
  pages = {4630--4637},
  issn = {0270-6474, 1529-2401},
  doi = {10.1523/JNEUROSCI.0009-06.2006},
  url = {https://www.jneurosci.org/content/26/17/4630},
  urldate = {2019-09-26},
  copyright = {Copyright \textcopyright{} 2006 Society for Neuroscience 0270-6474/06/264630-08\$15.00/0},
  journal = {Journal of Neuroscience},
  keywords = {calcium,dendrite,development,exocytosis,First year report,fluorescence microscopy,knock-out mice},
  language = {en},
  number = {17},
  pmid = {16641243}
}

@misc{AxonsCNSNeurones,
  title = {Axons from {{CNS}} Neurones Regenerate into {{PNS}} Grafts | {{Nature}}},
  url = {https://www.nature.com/articles/284264a0},
  urldate = {2019-09-20}
}

@article{ballabioAwesomeLysosome2016,
  title = {The Awesome Lysosome},
  author = {Ballabio, Andrea},
  year = {2016},
  month = feb,
  volume = {8},
  pages = {73--76},
  issn = {1757-4676, 1757-4684},
  doi = {10.15252/emmm.201505966},
  url = {http://embomolmed.embopress.org/content/8/2/73},
  urldate = {2019-05-09},
  copyright = {\textcopyright{} 2015 The Author. Published under the terms of the CC BY 4.0 license. This is an open access article under the terms of the Creative Commons Attribution 4.0 License, which permits use, distribution and reproduction in any medium, provided the original work is properly cited.},
  journal = {EMBO Molecular Medicine},
  language = {en},
  number = {2},
  pmid = {26787653}
}

@article{barresImmunologicalMorphologicalElectrophysiological1988,
  title = {Immunological, Morphological, and Electrophysiological Variation among Retinal Ganglion Cells Purified by Panning},
  author = {Barres, Barbara A. and Silverstein, Bruce E. and Corey, David P. and Chun, Linda L. Y.},
  year = {1988},
  month = nov,
  volume = {1},
  pages = {791--803},
  issn = {0896-6273},
  doi = {10.1016/0896-6273(88)90127-4},
  url = {http://www.sciencedirect.com/science/article/pii/0896627388901274},
  urldate = {2019-02-11},
  journal = {Neuron},
  keywords = {Search: 10},
  number = {9}
}

@article{beijerDefectsAxonalTransport2019,
  title = {Defects in {{Axonal Transport}} in {{Inherited Neuropathies}}},
  author = {Beijer, Danique and Sisto, Angela and Van Lent, Jonas and Baets, Jonathan and Timmerman, Vincent},
  year = {2019},
  month = jan,
  volume = {Preprint},
  pages = {1--19},
  issn = {2214-3599},
  doi = {10.3233/JND-190427},
  url = {https://content.iospress.com/articles/journal-of-neuromuscular-diseases/jnd190427},
  urldate = {2019-10-18},
  journal = {Journal of Neuromuscular Diseases},
  language = {en},
  number = {Preprint}
}

@article{beiRestorationVisualFunction2016,
  title = {Restoration of {{Visual Function}} by {{Enhancing Conduction}} in {{Regenerated Axons}}},
  author = {Bei, Fengfeng and Lee, Henry Hing Cheong and Liu, Xuefeng and Gunner, Georgia and Jin, Hai and Ma, Long and Wang, Chen and Hou, lijun and Hensch, Takao K. and Frank, Eric and Sanes, Joshua R. and Chen, Chinfei and Fagiolini, Michela and He, Zhigang},
  year = {2016},
  month = jan,
  volume = {164},
  pages = {219--232},
  issn = {0092-8674},
  doi = {10.1016/j.cell.2015.11.036},
  url = {http://www.sciencedirect.com/science/article/pii/S009286741501555X},
  urldate = {2019-05-31},
  journal = {Cell},
  number = {1}
}

@article{bernard-marissalAlteredInterplayEndoplasmic2019,
  title = {Altered Interplay between Endoplasmic Reticulum and Mitochondria in {{Charcot}}\textendash{{Marie}}\textendash{{Tooth}} Type {{2A}} Neuropathy},
  author = {{Bernard-Marissal}, Nathalie and {van Hameren}, Gerben and Juneja, Manisha and Pellegrino, Christophe and Louhivuori, Lauri and Bartesaghi, Luca and Rochat, Cylia and El Mansour, Omar and M{\'e}dard, Jean-Jacques and Croisier, Marie and Maclachlan, Catherine and Poirot, Olivier and Uhl{\'e}n, Per and Timmerman, Vincent and Tricaud, Nicolas and Schneider, Bernard L. and Chrast, Roman},
  year = {2019},
  month = feb,
  volume = {116},
  pages = {2328--2337},
  issn = {0027-8424, 1091-6490},
  doi = {10.1073/pnas.1810932116},
  url = {http://www.pnas.org/lookup/doi/10.1073/pnas.1810932116},
  urldate = {2020-05-27},
  journal = {Proceedings of the National Academy of Sciences},
  language = {en},
  number = {6}
}

@article{bernard-marissalEndoplasmicReticulumMitochondria2018,
  title = {Endoplasmic Reticulum and Mitochondria in Diseases of Motor and Sensory Neurons: A Broken Relationship?},
  shorttitle = {Endoplasmic Reticulum and Mitochondria in Diseases of Motor and Sensory Neurons},
  author = {{Bernard-Marissal}, Nathalie and Chrast, Roman and Schneider, Bernard L.},
  year = {2018},
  month = feb,
  volume = {9},
  pages = {1--16},
  publisher = {{Nature Publishing Group}},
  issn = {2041-4889},
  doi = {10.1038/s41419-017-0125-1},
  url = {https://www.nature.com/articles/s41419-017-0125-1},
  urldate = {2020-05-27},
  copyright = {2018 The Author(s)},
  journal = {Cell Death \& Disease},
  language = {en},
  number = {3}
}

@misc{BetterBibTeXZotero,
  title = {Better {{BibTeX}} for {{Zotero}} :: {{Better BibTeX}} for {{Zotero}}},
  url = {https://retorque.re/zotero-better-bibtex/},
  urldate = {2020-06-11}
}

@article{bicknellControlNeuriteGrowth2018,
  title = {Control of Neurite Growth and Guidance by an Inhibitory Cell-Body Signal},
  author = {Bicknell, Brendan A. and Pujic, Zac and Dayan, Peter and Goodhill, Geoffrey J.},
  year = {2018},
  month = jun,
  volume = {14},
  pages = {e1006218},
  issn = {1553-7358},
  doi = {10.1371/journal.pcbi.1006218},
  url = {https://journals.plos.org/ploscompbiol/article?id=10.1371/journal.pcbi.1006218},
  urldate = {2020-01-13},
  journal = {PLOS Computational Biology},
  keywords = {Cell signaling,Collagens,Cytokines,Fasciculations,Ganglia,Neurites,Signal inhibition,Signaling networks},
  language = {en},
  number = {6}
}

@article{blanquieCytoskeletonDynamicsAxon2018,
  title = {Cytoskeleton Dynamics in Axon Regeneration},
  author = {Blanquie, Oriane and Bradke, Frank},
  year = {2018},
  month = aug,
  volume = {51},
  pages = {60--69},
  issn = {0959-4388},
  doi = {10.1016/j.conb.2018.02.024},
  url = {http://www.sciencedirect.com/science/article/pii/S0959438818300084},
  urldate = {2019-09-26},
  journal = {Current Opinion in Neurobiology},
  keywords = {First year report},
  series = {Cellular {{Neuroscience}}}
}

@article{bowmanRoadLysosomerelatedOrganelles2019,
  title = {The Road to Lysosome-Related Organelles: {{Insights}} from {{Hermansky}}-{{Pudlak}} Syndrome and Other Rare Diseases},
  shorttitle = {The Road to Lysosome-Related Organelles},
  author = {Bowman, Shanna L. and Bi-Karchin, Jing and Le, Linh and Marks, Michael S.},
  year = {2019},
  volume = {20},
  pages = {404--435},
  issn = {1600-0854},
  doi = {10.1111/tra.12646},
  url = {https://onlinelibrary.wiley.com/doi/abs/10.1111/tra.12646},
  urldate = {2019-10-18},
  copyright = {\textcopyright{} 2019 John Wiley \& Sons A/S. Published by John Wiley \& Sons Ltd},
  journal = {Traffic},
  keywords = {alpha granule,AP-3,BLOC-1,BLOC-2,BLOC-3,Chediak-Higashi syndrome,dense granule,Griscelli syndrome,Hermansky-Pudlak syndrome,HOPS,lamellar body,melanosome,RAB27A,RAB32,RAB38,VPS33A,VPS33B,Weibel-Palade body},
  language = {en},
  number = {6}
}

@article{bucciExpressionAnalysisChromosomal2001,
  title = {Expression {{Analysis}} and {{Chromosomal Assignment}} of {{PRA1}} and {{RILP Genes}}},
  author = {Bucci, Cecilia and De Gregorio, Laura and Bruni, Carmelo B.},
  year = {2001},
  month = aug,
  volume = {286},
  pages = {815--819},
  issn = {0006-291X},
  doi = {10.1006/bbrc.2001.5466},
  url = {http://www.sciencedirect.com/science/article/pii/S0006291X0195466X},
  urldate = {2019-09-20},
  journal = {Biochemical and Biophysical Research Communications},
  keywords = {chromosomal mapping,endocytosis,First year report,GTPases,PRA1,Rab proteins,RILP},
  number = {4}
}

@article{burkDisruptedNeuronalTrafficking2019,
  title = {Disrupted Neuronal Trafficking in Amyotrophic Lateral Sclerosis},
  author = {Burk, Katja and Pasterkamp, R. Jeroen},
  year = {2019},
  month = feb,
  issn = {0001-6322, 1432-0533},
  doi = {10.1007/s00401-019-01964-7},
  url = {http://link.springer.com/10.1007/s00401-019-01964-7},
  urldate = {2019-02-06},
  journal = {Acta Neuropathologica},
  keywords = {Search: Bart},
  language = {en}
}

@article{burnsReportNationalEye2018,
  title = {Report on the {{National Eye Institute}}'s {{Audacious Goals Initiative}}: {{Creating}} a {{Cellular Environment}} for {{Neuroregeneration}}},
  shorttitle = {Report on the {{National Eye Institute}}'s {{Audacious Goals Initiative}}},
  author = {Burns, Marie E. and Stevens, Beth and Panelists, Audacious Goals Initiative Workshop},
  year = {2018},
  month = apr,
  pages = {ENEURO.0035-18.2018},
  issn = {2373-2822},
  doi = {10.1523/ENEURO.0035-18.2018},
  url = {http://www.eneuro.org/content/early/2018/04/06/ENEURO.0035-18.2018},
  urldate = {2019-01-28},
  copyright = {Copyright \textcopyright{} 2018 Burns et al.. This is an open-access article distributed under the terms of the Creative Commons Attribution 4.0 International license, which permits unrestricted use, distribution and reproduction in any medium provided that the original work is properly attributed.},
  journal = {eNeuro},
  keywords = {eye,Glia,Inflammation,Microglia,Regeneration,Retina,Search: Keith},
  language = {en}
}

@article{byunAutomatedToolDetection,
  title = {Automated Tool for the Detection of Cell Nuclei in Digital Microscopic Images: {{Application}} to Retinal Images},
  author = {Byun, Jiyun and Verardo, Mark R and Sumengen, Baris and Lewis, Geoffrey P and Manjunath, B S and Fisher, Steven K},
  pages = {12},
  journal = {Molecular Vision},
  keywords = {First year report},
  language = {en}
}

@article{cabukustaMechanismsLysosomalPositioning2018,
  title = {Mechanisms of Lysosomal Positioning and Movement},
  author = {Cabukusta, Birol and Neefjes, Jacques},
  year = {2018},
  month = oct,
  volume = {19},
  pages = {761--769},
  publisher = {{John Wiley \& Sons, Ltd}},
  issn = {1398-9219},
  doi = {10.1111/tra.12587},
  url = {https://onlinelibrary-wiley-com.ezp.lib.cam.ac.uk/doi/full/10.1111/tra.12587},
  urldate = {2020-04-03},
  journal = {Traffic},
  keywords = {Arl GTPases,cholesterol,dendritic cells,dynein,endoplasmic reticulum,kinesins,late endosome,lysosome,membrane contact sites,mTOR,myosins,ORP1L,phosphatidylinositol phosphate,Rab GTPases,RNF26,TOLLIP},
  number = {10}
}

@article{caiSnapinRegulatedLateEndosomal2010,
  title = {Snapin-{{Regulated Late Endosomal Transport Is Critical}} for {{Efficient Autophagy}}-{{Lysosomal Function}} in {{Neurons}}},
  author = {Cai, Qian and Lu, Li and Tian, Jin-Hua and Zhu, Yi-Bing and Qiao, Haifa and Sheng, Zu-Hang},
  year = {2010},
  month = oct,
  volume = {68},
  pages = {73--86},
  issn = {0896-6273},
  doi = {10.1016/j.neuron.2010.09.022},
  url = {https://www.cell.com/neuron/abstract/S0896-6273(10)00764-6},
  urldate = {2019-02-20},
  journal = {Neuron},
  keywords = {ref_by: 10.1016/j.neuron.2015.06.026},
  language = {English},
  number = {1},
  pmid = {20920792}
}

@article{calkinsChallengeRegenerativeTherapies2017,
  title = {The Challenge of Regenerative Therapies for the Optic Nerve in Glaucoma},
  author = {Calkins, David J. and Pekny, Milos and Cooper, Melissa L. and Benowitz, Larry and Calkins, David and Benowitz, Larry and Cooper, Melissa and Crowston, Jonathan and Huberman, Andrew and Johnson, Elaine and Lu, Richard and Pekny, Milos and Sappington, Rebecca and Zack, Don},
  year = {2017},
  month = apr,
  volume = {157},
  pages = {28--33},
  issn = {0014-4835},
  doi = {10.1016/j.exer.2017.01.007},
  url = {http://www.sciencedirect.com/science/article/pii/S0014483517300696},
  urldate = {2019-01-28},
  journal = {Experimental Eye Research},
  keywords = {Glaucoma,Inflammation,Neurodegeneration,Optic nerve,Pten,Reactive gliosis,Regeneration,Search: Keith,Zymosin},
  series = {Astrocytes and {{Glaucoma}}}
}

@article{campaRab11ActivityPtdIns2018,
  title = {Rab11 Activity and {{PtdIns}}(3) {{P}} Turnover Removes Recycling Cargo from Endosomes},
  author = {Campa, Carlo Cosimo and Margaria, Jean Piero and Derle, Abhishek and Giudice, Marco Del and Santis, Maria Chiara De and Gozzelino, Luca and Copperi, Francesca and Bosia, Carla and Hirsch, Emilio},
  year = {2018},
  month = aug,
  volume = {14},
  pages = {801--810},
  issn = {1552-4469},
  doi = {10.1038/s41589-018-0086-4},
  url = {https://www.nature.com/articles/s41589-018-0086-4},
  urldate = {2020-01-13},
  copyright = {2018 The Author(s)},
  journal = {Nature Chemical Biology},
  language = {en},
  number = {8}
}

@article{caoFactorsGoverningTransduction2019,
  title = {Factors Governing the Transduction Efficiency of Adeno-Associated Virus in the Retinal Ganglion Cells Following Intravitreal Injection},
  author = {Cao, Xu and Yung, Jasmine and Mak, Heather and Leung, Christopher K. S.},
  year = {2019},
  month = jan,
  pages = {1},
  issn = {1476-5462},
  doi = {10.1038/s41434-019-0060-0},
  url = {https://www.nature.com/articles/s41434-019-0060-0},
  urldate = {2019-02-06},
  copyright = {2019 Springer Nature Limited},
  journal = {Gene Therapy},
  keywords = {Search: Andy},
  language = {En}
}

@article{carrollLysosomeCrucialHub2017,
  title = {The Lysosome: A Crucial Hub for {{AMPK}} and {{mTORC1}} Signalling},
  shorttitle = {The Lysosome},
  author = {Carroll, Bernadette and Dunlop, Elaine A.},
  year = {2017},
  month = may,
  volume = {474},
  pages = {1453--1466},
  issn = {0264-6021, 1470-8728},
  doi = {10.1042/BCJ20160780},
  url = {http://www.biochemj.org/cgi/doi/10.1042/BCJ20160780},
  urldate = {2019-09-20},
  journal = {Biochemical Journal},
  keywords = {First year report},
  language = {en},
  number = {9}
}

@article{casanovaRegulationArfActivation2007,
  title = {Regulation of {{Arf Activation}}: The {{Sec7 Family}} of {{Guanine Nucleotide Exchange Factors}}},
  shorttitle = {Regulation of {{Arf Activation}}},
  author = {Casanova, James E.},
  year = {2007},
  volume = {8},
  pages = {1476--1485},
  issn = {1600-0854},
  doi = {10.1111/j.1600-0854.2007.00634.x},
  url = {https://onlinelibrary.wiley.com/doi/abs/10.1111/j.1600-0854.2007.00634.x},
  urldate = {2019-03-11},
  journal = {Traffic},
  keywords = {Arf,GEF,GTP,nucleotide exchange,Search: 13,Sec7},
  language = {en},
  number = {11}
}

@article{changMetaanalysisGenomewideAssociation2017,
  title = {A Meta-Analysis of Genome-Wide Association Studies Identifies 17 New {{Parkinson}}'s Disease Risk Loci},
  author = {Chang, Diana and Nalls, Mike A. and Hallgr{\'i}msd{\'o}ttir, Ingileif B. and Hunkapiller, Julie and {van der Brug}, Marcel and Cai, Fang and {International Parkinson's Disease Genomics Consortium} and {23andMe Research Team} and Kerchner, Geoffrey A. and Ayalon, Gai and Bingol, Baris and Sheng, Morgan and Hinds, David and Behrens, Timothy W. and Singleton, Andrew B. and Bhangale, Tushar R. and Graham, Robert R.},
  year = {2017},
  month = oct,
  volume = {49},
  pages = {1511--1516},
  issn = {1546-1718},
  doi = {10.1038/ng.3955},
  url = {https://www.nature.com/articles/ng.3955},
  urldate = {2019-09-19},
  copyright = {2017 Nature Publishing Group},
  journal = {Nature Genetics},
  keywords = {First year report},
  language = {en},
  number = {10}
}

@article{changProtrudinBindsAtlastins2013,
  title = {Protrudin Binds Atlastins and Endoplasmic Reticulum-Shaping Proteins and Regulates Network Formation},
  author = {Chang, Jaerak and Lee, Seongju and Blackstone, Craig},
  year = {2013},
  month = sep,
  volume = {110},
  pages = {14954--14959},
  publisher = {{National Academy of Sciences}},
  issn = {0027-8424, 1091-6490},
  doi = {10.1073/pnas.1307391110},
  url = {https://www.pnas.org/content/110/37/14954},
  urldate = {2020-05-27},
  chapter = {Biological Sciences},
  journal = {Proceedings of the National Academy of Sciences},
  language = {en},
  number = {37},
  pmid = {23969831}
}

@misc{chawdryAngularPlasmid,
  title = {{{AngularPlasmid}}},
  author = {Chawdry, Rehan},
  url = {http://angularplasmid.vixis.com/},
  urldate = {2019-09-24}
}

@article{chazotteLabelingLysosomesLive2011,
  title = {Labeling {{Lysosomes}} in {{Live Cells}} with {{LysoTracker}}},
  author = {Chazotte, Brad},
  year = {2011},
  month = feb,
  volume = {2011},
  pages = {pdb.prot5571},
  issn = {1940-3402, 1559-6095},
  doi = {10.1101/pdb.prot5571},
  url = {http://cshprotocols.cshlp.org/content/2011/2/pdb.prot5571},
  urldate = {2019-01-11},
  journal = {Cold Spring Harbor Protocols},
  language = {en},
  number = {2},
  pmid = {21285271}
}

@article{cheahExpressionActivatedIntegrin2016,
  title = {Expression of an {{Activated Integrin Promotes Long}}-{{Distance Sensory Axon Regeneration}} in the {{Spinal Cord}}},
  author = {Cheah, Menghon and Andrews, Melissa R. and Chew, Daniel J. and Moloney, Elizabeth B. and Verhaagen, Joost and F{\"a}ssler, Reinhard and Fawcett, James W.},
  year = {2016},
  month = jul,
  volume = {36},
  pages = {7283--7297},
  issn = {0270-6474, 1529-2401},
  doi = {10.1523/JNEUROSCI.0901-16.2016},
  url = {http://www.jneurosci.org/content/36/27/7283},
  urldate = {2019-01-09},
  copyright = {Copyright \textcopyright{} 2016 Cheah et al.. This article is freely available online through the J Neurosci Author Open Choice option.},
  journal = {Journal of Neuroscience},
  keywords = {adeno-associated virus,alpha9 integrin,axon regeneration,dorsal root ganglion,First year report,kindlin-1,Search: initial,spinal cord},
  language = {en},
  number = {27},
  pmid = {27383601}
}

@techreport{chertkovaRobustBrightGenetically2017,
  title = {Robust and {{Bright Genetically Encoded Fluorescent Markers}} for {{Highlighting Structures}} and {{Compartments}} in {{Mammalian Cells}}},
  author = {Chertkova, Anna O and Mastop, Marieke and Postma, Marten and {van Bommel}, Nikki and {van der Niet}, Sanne and Batenburg, Kevin L. and Joosen, Linda and Gadella, Theodorus W.J. and Okada, Yasushi and Goedhart, Joachim},
  year = {2017},
  month = jul,
  institution = {{Cell Biology}},
  doi = {10.1101/160374},
  url = {http://biorxiv.org/lookup/doi/10.1101/160374},
  urldate = {2020-06-08},
  language = {en},
  type = {Preprint}
}

@article{cioniLateEndosomesAct2019,
  title = {Late {{Endosomes Act}} as {{mRNA Translation Platforms}} and {{Sustain Mitochondria}} in {{Axons}}},
  author = {Cioni, Jean-Michel and Lin, Julie Qiaojin and Holtermann, Anne V. and Koppers, Max and Jakobs, Maximilian A. H. and Azizi, Afnan and {Turner-Bridger}, Benita and Shigeoka, Toshiaki and Franze, Kristian and Harris, William A. and Holt, Christine E.},
  year = {2019},
  month = jan,
  volume = {176},
  pages = {56-72.e15},
  issn = {0092-8674},
  doi = {10.1016/j.cell.2018.11.030},
  url = {http://www.sciencedirect.com/science/article/pii/S0092867418315551},
  urldate = {2019-01-29},
  journal = {Cell},
  keywords = {axon maintenance,Charcot-Marie-Tooth type 2B,endosome,First year report,local protein synthesis,lysosome,mitochondria,mRNA translation,retinal ganglion cell,RNA trafficking},
  number = {1}
}

@article{cioniMolecularControlLocal2018,
  title = {Molecular Control of Local Translation in Axon Development and Maintenance},
  author = {Cioni, Jean-Michel and Koppers, Max and Holt, Christine E},
  year = {2018},
  month = aug,
  volume = {51},
  pages = {86--94},
  issn = {0959-4388},
  doi = {10.1016/j.conb.2018.02.025},
  url = {http://www.sciencedirect.com/science/article/pii/S0959438817303252},
  urldate = {2019-08-29},
  journal = {Current Opinion in Neurobiology},
  series = {Cellular {{Neuroscience}}}
}

@article{costaSynaptogenesisStimulatesProteasomeMediated2019,
  title = {Synaptogenesis {{Stimulates}} a {{Proteasome}}-{{Mediated Ribosome Reduction}} in {{Axons}}},
  author = {Costa, Rui O. and Martins, Helena and Martins, Lu{\'i}s F. and Cwetsch, Andrzej W. and Mele, Miranda and Pedro, Joana R. and Tom{\'e}, Diogo and Jeon, Noo Li and Cancedda, Laura and Jaffrey, Samie R. and Almeida, Ramiro D.},
  year = {2019},
  month = jul,
  volume = {28},
  pages = {864-876.e6},
  issn = {2211-1247},
  doi = {10.1016/j.celrep.2019.06.080},
  url = {http://www.sciencedirect.com/science/article/pii/S2211124719308605},
  urldate = {2019-07-26},
  journal = {Cell Reports},
  keywords = {axonal maturation,co-cultures,First year report,neuromuscular junction,presynaptic differentiation,proteasome,ribosomal proteins,ribosome,synapse formation,synaptogenesis,UPS},
  number = {4}
}

@article{crairReconnectingEyeBrain2016,
  title = {Reconnecting {{Eye}} to {{Brain}}},
  author = {Crair, Michael C. and Mason, Carol A.},
  year = {2016},
  month = oct,
  volume = {36},
  pages = {10707--10722},
  issn = {0270-6474, 1529-2401},
  doi = {10.1523/JNEUROSCI.1711-16.2016},
  url = {http://www.jneurosci.org/content/36/42/10707},
  urldate = {2019-01-28},
  copyright = {Copyright \textcopyright{} 2016 the authors 0270-6474/16/3610707-16\$15.00/0},
  journal = {Journal of Neuroscience},
  keywords = {axon,axon guidance,axon regeneration,eye,lateral geniculate nucleus,optic nerve,regeneration,retina,retinal ganglion cells,superior colliculus,traumatic brain injury,vision,visual cortex},
  language = {en},
  number = {42},
  pmid = {27798125}
}

@article{curcioAxonRegenerationCentral2018,
  title = {Axon {{Regeneration}} in the {{Central Nervous System}}: {{Facing}} the {{Challenges}} from the {{Inside}}},
  shorttitle = {Axon {{Regeneration}} in the {{Central Nervous System}}},
  author = {Curcio, Michele and Bradke, Frank},
  year = {2018},
  volume = {34},
  pages = {495--521},
  doi = {10.1146/annurev-cellbio-100617-062508},
  url = {https://doi.org/10.1146/annurev-cellbio-100617-062508},
  urldate = {2019-06-21},
  journal = {Annual Review of Cell and Developmental Biology},
  keywords = {Search: Richard},
  number = {1},
  pmid = {30044649}
}

@article{danielSubtypespecificResponseRetinal2018,
  title = {Subtype-Specific Response of Retinal Ganglion Cells to Optic Nerve Crush},
  author = {Daniel, S. and Clark, A. F. and McDowell, C. M.},
  year = {2018},
  month = jun,
  volume = {4},
  pages = {67},
  issn = {2058-7716},
  doi = {10.1038/s41420-018-0069-y},
  url = {https://www.nature.com/articles/s41420-018-0069-y},
  urldate = {2019-02-11},
  copyright = {2018 The Author(s)},
  journal = {Cell Death Discovery},
  keywords = {Search: 10},
  language = {En},
  number = {1}
}

@article{dehayPathogenicLysosomalDepletion2010,
  title = {Pathogenic {{Lysosomal Depletion}} in {{Parkinson}}'s {{Disease}}},
  author = {Dehay, Benjamin and Bov{\'e}, Jordi and {Rodr{\'i}guez-Muela}, Natalia and Perier, Celine and Recasens, Ariadna and Boya, Patricia and Vila, Miquel},
  year = {2010},
  month = sep,
  volume = {30},
  pages = {12535--12544},
  issn = {0270-6474, 1529-2401},
  doi = {10.1523/JNEUROSCI.1920-10.2010},
  url = {https://www.jneurosci.org/content/30/37/12535},
  urldate = {2019-09-19},
  copyright = {Copyright \textcopyright{} 2010 the authors 0270-6474/10/3012535-10\$15.00/0},
  journal = {Journal of Neuroscience},
  keywords = {First year report},
  language = {en},
  number = {37},
  pmid = {20844148}
}

@article{dellangelicaAP3dependentTraffickingDisease2009,
  title = {{{AP}}-3-Dependent Trafficking and Disease: The First Decade},
  shorttitle = {{{AP}}-3-Dependent Trafficking and Disease},
  author = {Dell'Angelica, Esteban C},
  year = {2009},
  month = aug,
  volume = {21},
  pages = {552--559},
  issn = {0955-0674},
  doi = {10.1016/j.ceb.2009.04.014},
  url = {http://www.sciencedirect.com/science/article/pii/S095506740900101X},
  urldate = {2019-01-28},
  journal = {Current Opinion in Cell Biology},
  keywords = {Search: 5},
  number = {4}
}

@article{donaldsonMultipleRolesArf62003,
  title = {Multiple {{Roles}} for {{Arf6}}: {{Sorting}}, {{Structuring}}, and {{Signaling}} at the {{Plasma Membrane}}},
  shorttitle = {Multiple {{Roles}} for {{Arf6}}},
  author = {Donaldson, Julie G.},
  year = {2003},
  month = oct,
  volume = {278},
  pages = {41573--41576},
  issn = {0021-9258, 1083-351X},
  doi = {10.1074/jbc.R300026200},
  url = {http://www.jbc.org/content/278/43/41573},
  urldate = {2018-12-31},
  journal = {Journal of Biological Chemistry},
  keywords = {Search: initial},
  language = {en},
  number = {43},
  pmid = {12912991}
}

@article{draegerPlasmaMembraneRepair2011,
  title = {Plasma Membrane Repair and Cellular Damage Control: The Annexin Survival Kit},
  shorttitle = {Plasma Membrane Repair and Cellular Damage Control},
  author = {Draeger, Annette and Monastyrskaya, Katia and Babiychuk, Eduard B.},
  year = {2011},
  month = mar,
  volume = {81},
  pages = {703--712},
  issn = {1873-2968},
  doi = {10.1016/j.bcp.2010.12.027},
  journal = {Biochemical Pharmacology},
  keywords = {Animals,Annexins,Calcium,Cell Membrane,Cell Survival,Cell-Derived Microparticles,Humans,Intracellular Fluid},
  language = {eng},
  number = {6},
  pmid = {21219882}
}

@misc{DrawFreelyInkscape,
  title = {Draw {{Freely}} | {{Inkscape}}},
  url = {https://inkscape.org/},
  urldate = {2019-09-12}
}

@article{dsouza-schoreyRegulatoryRoleARF61995,
  title = {A Regulatory Role for {{ARF6}} in Receptor-Mediated Endocytosis},
  author = {{D'Souza-Schorey}, C. and Li, G. and Colombo, M. I. and Stahl, P. D.},
  year = {1995},
  month = feb,
  volume = {267},
  pages = {1175--1178},
  issn = {0036-8075, 1095-9203},
  doi = {10.1126/science.7855600},
  url = {http://science.sciencemag.org/content/267/5201/1175},
  urldate = {2018-12-31},
  copyright = {\textcopyright{} 1995},
  journal = {Science},
  keywords = {Search: initial},
  language = {en},
  number = {5201},
  pmid = {7855600}
}

@article{duanSubtypeSpecificRegenerationRetinal2015,
  title = {Subtype-{{Specific Regeneration}} of {{Retinal Ganglion Cells}} Following {{Axotomy}}: {{Effects}} of {{Osteopontin}} and {{mTOR Signaling}}},
  shorttitle = {Subtype-{{Specific Regeneration}} of {{Retinal Ganglion Cells}} Following {{Axotomy}}},
  author = {Duan, Xin and Qiao, Mu and Bei, Fengfeng and Kim, In-Jung and He, Zhigang and Sanes, Joshua R.},
  year = {2015},
  month = mar,
  volume = {85},
  pages = {1244--1256},
  issn = {0896-6273},
  doi = {10.1016/j.neuron.2015.02.017},
  url = {http://www.sciencedirect.com/science/article/pii/S0896627315001324},
  urldate = {2019-05-31},
  journal = {Neuron},
  keywords = {Search: 15},
  number = {6}
}

@article{dumontSKIPHostTarget2010,
  title = {{{SKIP}}, the {{Host Target}} of the {{Salmonella Virulence Factor SifA}}, {{Promotes Kinesin}}-1-{{Dependent Vacuolar Membrane Exchanges}}},
  author = {Dumont, Audrey and Boucrot, Emmanuel and Drevensek, St{\'e}phanie and Daire, Vanessa and Gorvel, Jean-Pierre and Po{\"u}s, Christian and Holden, David W. and M{\'e}resse, St{\'e}phane},
  year = {2010},
  volume = {11},
  pages = {899--911},
  issn = {1600-0854},
  doi = {10.1111/j.1600-0854.2010.01069.x},
  url = {https://onlinelibrary.wiley.com/doi/abs/10.1111/j.1600-0854.2010.01069.x},
  urldate = {2019-02-04},
  copyright = {\textcopyright{} 2010 John Wiley \& Sons A/S},
  journal = {Traffic},
  keywords = {kinesin-1,microtubule,Salmonella,Search: 7,SifA,SKIP},
  language = {en},
  number = {7}
}

@article{dunphyArf6GEFGEP1002006,
  title = {The {{Arf6 GEF GEP100}}/{{BRAG2 Regulates Cell Adhesion}} by {{Controlling Endocytosis}} of {$B$}1 {{Integrins}}},
  author = {Dunphy, Jillian L. and Moravec, Radim and Ly, Kim and Lasell, Troy K. and Melancon, Paul and Casanova, James E.},
  year = {2006},
  month = feb,
  volume = {16},
  pages = {315--320},
  issn = {0960-9822},
  doi = {10.1016/j.cub.2005.12.032},
  url = {http://www.sciencedirect.com/science/article/pii/S0960982205015940},
  urldate = {2019-03-11},
  journal = {Current Biology},
  keywords = {CELBIO,Search: 13,SIGNALING},
  number = {3}
}

@article{ebnerPhosphoinositidesControlLysosome2019,
  title = {Phosphoinositides in the Control of Lysosome Function and Homeostasis},
  author = {Ebner, Michael and Koch, Philipp Alexander and Haucke, Volker},
  year = {2019},
  month = aug,
  volume = {47},
  pages = {1173--1185},
  issn = {0300-5127},
  doi = {10.1042/BST20190158},
  url = {/biochemsoctrans/article/47/4/1173/219680/Phosphoinositides-in-the-control-of-lysosome},
  urldate = {2019-10-18},
  journal = {Biochemical Society Transactions},
  language = {en},
  number = {4}
}

@article{eglenStandardPracticesSharing2017,
  title = {Toward Standard Practices for Sharing Computer Code and Programs in Neuroscience},
  author = {Eglen, Stephen J. and Marwick, Ben and Halchenko, Yaroslav O. and Hanke, Michael and Sufi, Shoaib and Gleeson, Padraig and Silver, R. Angus and Davison, Andrew P. and Lanyon, Linda and Abrams, Mathew and Wachtler, Thomas and Willshaw, David J. and Pouzat, Christophe and Poline, Jean-Baptiste},
  year = {2017},
  month = jun,
  volume = {20},
  pages = {770--773},
  issn = {1546-1726},
  doi = {10.1038/nn.4550},
  url = {https://www.nature.com/articles/nn.4550},
  urldate = {2020-03-02},
  copyright = {2017 Nature Publishing Group, a division of Macmillan Publishers Limited. All Rights Reserved.},
  journal = {Nature Neuroscience},
  language = {en},
  number = {6}
}

@article{eickholtControlAxonalGrowth2007,
  title = {Control of {{Axonal Growth}} and {{Regeneration}} of {{Sensory Neurons}} by the P110{$\delta$} {{PI}} 3-{{Kinase}}},
  author = {Eickholt, Britta J. and Ahmed, Aminul I. and Davies, Meirion and Papakonstanti, Evangelia A. and Pearce, Wayne and Starkey, Michelle L. and Bilancio, Antonio and Need, Anna C. and Smith, Andrew J. H. and Hall, Susan M. and Hamers, Frank P. and Giese, Karl P. and Bradbury, Elizabeth J. and Vanhaesebroeck, Bart},
  year = {2007},
  month = sep,
  volume = {2},
  pages = {e869},
  issn = {1932-6203},
  doi = {10.1371/journal.pone.0000869},
  url = {https://journals.plos.org/plosone/article?id=10.1371/journal.pone.0000869},
  urldate = {2019-09-21},
  journal = {PLOS ONE},
  keywords = {Axons,Biological locomotion,Ethanol,First year report,Nerve regeneration,Nerves,Nervous system,Neurons,Sciatic nerves},
  language = {en},
  number = {9}
}

@article{evaARF6DirectsAxon2012,
  title = {{{ARF6 Directs Axon Transport}} and {{Traffic}} of {{Integrins}} and {{Regulates Axon Growth}} in {{Adult DRG Neurons}}},
  author = {Eva, Richard and Crisp, Sarah and Marland, Jamie R. K. and Norman, Jim C. and Kanamarlapudi, Venkateswarlu and {ffrench-Constant}, Charles and Fawcett, James W.},
  year = {2012},
  month = jul,
  volume = {32},
  pages = {10352--10364},
  issn = {0270-6474, 1529-2401},
  doi = {10.1523/JNEUROSCI.1409-12.2012},
  url = {http://www.jneurosci.org/content/32/30/10352},
  urldate = {2019-01-09},
  copyright = {Copyright \textcopyright{} 2012 the authors 0270-6474/12/3210352-13\$15.00/0},
  journal = {Journal of Neuroscience},
  keywords = {First year report,Search: initial},
  language = {en},
  number = {30},
  pmid = {22836268}
}

@incollection{evaChapterThreeIntrinsic2012,
  title = {Chapter {{Three}} - {{Intrinsic Mechanisms Regulating Axon Regeneration}}: {{An Integrin Perspective}}},
  shorttitle = {Chapter {{Three}} - {{Intrinsic Mechanisms Regulating Axon Regeneration}}},
  booktitle = {International {{Review}} of {{Neurobiology}}},
  author = {Eva, Richard and Andrews, Melissa R. and Franssen, Elske H. P. and Fawcett, James W.},
  editor = {Goldberg, Jeffrey L. and Trakhtenberg, Ephraim F.},
  year = {2012},
  month = jan,
  volume = {106},
  pages = {75--104},
  publisher = {{Academic Press}},
  doi = {10.1016/B978-0-12-407178-0.00004-1},
  url = {http://www.sciencedirect.com/science/article/pii/B9780124071780000041},
  urldate = {2019-01-09},
  keywords = {Axon growth,Axon regeneration,Axon transport,Growth cone traffic,Integrins,Search: initial,Spinal cord injury,Trafficking,Transcytosis},
  series = {Axon {{Growth}} and {{Regeneration}}: {{Part}} 2}
}

@article{evaEFA6RegulatesSelective2017,
  title = {{{EFA6}} Regulates Selective Polarised Transport and Axon Regeneration from the Axon Initial Segment},
  author = {Eva, Richard and Koseki, Hiroaki and Kanamarlapudi, Venkateswarlu and Fawcett, James W.},
  year = {2017},
  month = nov,
  volume = {130},
  pages = {3663--3675},
  issn = {0021-9533, 1477-9137},
  doi = {10.1242/jcs.207423},
  url = {http://jcs.biologists.org/content/130/21/3663},
  urldate = {2019-01-09},
  copyright = {\textcopyright{} 2017. Published by The Company of Biologists Ltd. http://creativecommons.org/licenses/by/3.0This is an Open Access article distributed under the terms of the Creative Commons Attribution License (http://creativecommons.org/licenses/by/3.0), which permits unrestricted use, distribution and reproduction in any medium provided that the original work is properly attributed.},
  journal = {J Cell Sci},
  keywords = {First year report,Search: initial},
  language = {en},
  number = {21},
  pmid = {28935671}
}

@article{evaIP33KinaseOpposes2012,
  title = {{{IP3}} 3-{{Kinase Opposes NGF Driven Neurite Outgrowth}}},
  author = {Eva, Richard and {Bouyoucef-Cherchalli}, Dalila and Patel, Kalpana and Cullen, Peter J. and Banting, George},
  year = {2012},
  month = feb,
  volume = {7},
  pages = {e32386},
  issn = {1932-6203},
  doi = {10.1371/journal.pone.0032386},
  url = {https://journals.plos.org/plosone/article?id=10.1371/journal.pone.0032386},
  urldate = {2019-01-09},
  journal = {PLOS ONE},
  keywords = {Analysis of variance,Cell differentiation,ERK signaling cascade,Fluorescence imaging,Neurites,Neuronal dendrites,Neuronal differentiation,Search: initial,Signal inhibition},
  language = {en},
  number = {2}
}

@article{fargC9ORF72ImplicatedAmytrophic2014,
  title = {{{C9ORF72}}, Implicated in Amytrophic Lateral Sclerosis and Frontotemporal Dementia, Regulates Endosomal Trafficking},
  author = {Farg, Manal A. and Sundaramoorthy, Vinod and Sultana, Jessica M. and Yang, Shu and Atkinson, Rachel A.K. and Levina, Vita and Halloran, Mark A. and Gleeson, Paul A. and Blair, Ian P. and Soo, Kai Y. and King, Anna E. and Atkin, Julie D.},
  year = {2014},
  month = jul,
  volume = {23},
  pages = {3579--3595},
  issn = {0964-6906},
  doi = {10.1093/hmg/ddu068},
  url = {https://www.ncbi.nlm.nih.gov/pmc/articles/PMC4049310/},
  urldate = {2019-05-09},
  journal = {Human Molecular Genetics},
  number = {13},
  pmcid = {PMC4049310},
  pmid = {24549040}
}

@article{fariasBORCKinesin1Ensemble2017,
  title = {{{BORC}}/Kinesin-1 Ensemble Drives Polarized Transport of Lysosomes into the Axon},
  author = {Far{\'i}as, Ginny G. and Guardia, Carlos M. and Pace, Raffaella De and Britt, Dylan J. and Bonifacino, Juan S.},
  year = {2017},
  month = apr,
  volume = {114},
  pages = {E2955-E2964},
  issn = {0027-8424, 1091-6490},
  doi = {10.1073/pnas.1616363114},
  url = {https://www.pnas.org/content/114/14/E2955},
  urldate = {2019-01-09},
  copyright = {\textcopyright{}  . http://www.pnas.org/site/misc/userlicense.xhtml},
  journal = {Proceedings of the National Academy of Sciences},
  keywords = {autophagosomes,BORC,Experiment: MaxiPrep \#1,Experiment: MaxiPrep \#2,First year report,kinesin-1,lysosomes,polarized organelle transport,Search: Richard},
  language = {en},
  number = {14},
  pmid = {28320970}
}

@article{fariasFeedbackDrivenMechanismsMicrotubules2019,
  title = {Feedback-{{Driven Mechanisms}} between {{Microtubules}} and the {{Endoplasmic Reticulum Instruct Neuronal Polarity}}},
  author = {Far{\'i}as, Ginny G. and Fr{\'e}al, Am{\'e}lie and Tortosa, Elena and Stucchi, Riccardo and Pan, Xingxiu and Portegies, Sybren and Will, Lena and Altelaar, Maarten and Hoogenraad, Casper C.},
  year = {2019},
  month = apr,
  volume = {102},
  pages = {184-201.e8},
  issn = {0896-6273},
  doi = {10.1016/j.neuron.2019.01.030},
  url = {http://www.sciencedirect.com/science/article/pii/S0896627319300571},
  urldate = {2020-05-27},
  journal = {Neuron},
  keywords = {axon specification,endoplasmic reticulum,ER cisternae,ER tubules,ER-shaping proteins,microtubule dynamics,microtubules,MT-driven motors,neuronal polarity,neurons},
  language = {en},
  number = {1}
}

@article{fawcettIntrinsicDeterminantsAxon2018,
  title = {Intrinsic {{Determinants}} of {{Axon Regeneration}}},
  author = {Fawcett, James W. and Verhaagen, Joost},
  year = {2018},
  volume = {78},
  pages = {890--897},
  issn = {1932-846X},
  doi = {10.1002/dneu.22637},
  url = {https://onlinelibrary.wiley.com/doi/abs/10.1002/dneu.22637},
  urldate = {2019-01-23},
  copyright = {\textcopyright{} 2018 Wiley Periodicals, Inc.},
  journal = {Developmental Neurobiology},
  keywords = {Axon regeneration,axon transport,axotomy,growth cone,Search: 1,signaling pathways,transcription factors},
  language = {en},
  number = {10}
}

@article{fawcettRolesPerineuronalNets2019,
  title = {The Roles of Perineuronal Nets and the Perinodal Extracellular Matrix in Neuronal Function},
  author = {Fawcett, James W. and Oohashi, Toshitaka and Pizzorusso, Tommaso},
  year = {2019},
  month = aug,
  volume = {20},
  pages = {451--465},
  issn = {1471-0048},
  doi = {10.1038/s41583-019-0196-3},
  url = {https://www.nature.com/articles/s41583-019-0196-3},
  urldate = {2019-08-29},
  copyright = {2019 The Publisher},
  journal = {Nature Reviews Neuroscience},
  language = {en},
  number = {8}
}

@article{fergusonAxonalTransportMaturation2018,
  title = {Axonal Transport and Maturation of Lysosomes},
  author = {Ferguson, Shawn M},
  year = {2018},
  month = aug,
  volume = {51},
  pages = {45--51},
  issn = {0959-4388},
  doi = {10.1016/j.conb.2018.02.020},
  url = {http://www.sciencedirect.com/science/article/pii/S0959438817302878},
  urldate = {2019-01-09},
  journal = {Current Opinion in Neurobiology},
  keywords = {First year report,Search: Richard},
  series = {Cellular {{Neuroscience}}}
}

@article{fourikiNanomagneticGeneTransfection2013,
  title = {Nanomagnetic {{Gene Transfection}} for {{Non}}-{{Viral Gene Delivery}} in {{NIH 3T3 Mouse Embryonic Fibroblasts}}},
  author = {Fouriki, Angeliki and Dobson, Jon},
  year = {2013},
  month = jan,
  volume = {6},
  pages = {255--264},
  issn = {1996-1944},
  doi = {10.3390/ma6010255},
  url = {https://www.ncbi.nlm.nih.gov/pmc/articles/PMC5452119/},
  urldate = {2019-02-11},
  journal = {Materials},
  number = {1},
  pmcid = {PMC5452119},
  pmid = {28809306}
}

@article{franzeBiophysicsNeuronalGrowth2010,
  title = {The Biophysics of Neuronal Growth},
  author = {Franze, Kristian and Guck, Jochen},
  year = {2010},
  month = sep,
  volume = {73},
  pages = {094601},
  issn = {0034-4885, 1361-6633},
  doi = {10.1088/0034-4885/73/9/094601},
  url = {http://stacks.iop.org/0034-4885/73/i=9/a=094601?key=crossref.1e6c2d7988b5dab945ccce0f5a6ef772},
  urldate = {2012-10-05},
  journal = {Reports on Progress in Physics},
  keywords = {_tablet},
  number = {9}
}

@article{gaoCorticalColumnWhole2018,
  title = {Cortical {{Column}} and {{Whole Brain Imaging}} of {{Neural Circuits}} with {{Molecular Contrast}} and {{Nanoscale Resolution}}},
  author = {Gao, Ruixuan and Asano, Shoh M. and Upadhyayula, Srigokul and Pisarev, Igor and Milkie, Daniel E. and Liu, Tsung-Li and Singh, Ved and Graves, Austin and Huynh, Grace H. and Zhao, Yongxin and Bogovic, John and Colonell, Jennifer and Ott, Carolyn M. and Zugates, Christopher and Tappan, Susan and Rodriguez, Alfredo and Mosaliganti, Kishore R. and Megason, Sean G. and {Lippincott-Schwartz}, Jennifer and Hantman, Adam and Rubin, Gerald M. and Kirchhausen, Tom and Saalfeld, Stephan and Aso, Yoshinori and Boyden, Edward S. and Betzig, Eric},
  year = {2018},
  month = jul,
  pages = {374140},
  doi = {10.1101/374140},
  url = {https://www.biorxiv.org/content/early/2018/07/23/374140},
  urldate = {2018-07-25},
  copyright = {\textcopyright{} 2018, Posted by Cold Spring Harbor Laboratory. The copyright holder for this pre-print is the author. All rights reserved. The material may not be redistributed, re-used or adapted without the author's permission.},
  journal = {bioRxiv},
  language = {en}
}

@article{geoffroyEvidenceAgeDependentDecline2016,
  title = {Evidence for an {{Age}}-{{Dependent Decline}} in {{Axon Regeneration}} in the {{Adult Mammalian Central Nervous System}}},
  author = {Geoffroy, C{\'e}dric G. and Hilton, Brett J. and Tetzlaff, Wolfram and Zheng, Binhai},
  year = {2016},
  month = apr,
  volume = {15},
  pages = {238--246},
  issn = {2211-1247},
  doi = {10.1016/j.celrep.2016.03.028},
  url = {http://www.sciencedirect.com/science/article/pii/S2211124716302844},
  urldate = {2018-09-06},
  journal = {Cell Reports},
  keywords = {First year report},
  number = {2}
}

@article{gillinghamVivoIdentificationGTPase2019,
  title = {In Vivo Identification of {{GTPase}} Interactors by Mitochondrial Relocalization and Proximity Biotinylation},
  author = {Gillingham, Alison K and Bertram, Jessie and Begum, Farida and Munro, Sean},
  editor = {Jahn, Reinhard and Akhmanova, Anna and Ungermann, Christian and McPherson, Peter S},
  year = {2019},
  month = jul,
  volume = {8},
  pages = {e45916},
  issn = {2050-084X},
  doi = {10.7554/eLife.45916},
  url = {https://doi.org/10.7554/eLife.45916},
  urldate = {2019-10-18},
  journal = {eLife},
  keywords = {BioID,effector,exchange factor,GTPase,MitoID,Ras superfamily}
}

@article{gilPhosphoinositidesDifferentiallyRegulate2012,
  title = {Phosphoinositides {{Differentially Regulate Protrudin Localization}} through the {{FYVE Domain}}},
  author = {Gil, Jung-Eun and Kim, Eui and Kim, Il-Shin and Ku, Bonsu and Park, Wei Sun and Oh, Byung-Ha and Ryu, Sung Ho and Cho, Wonhwa and Heo, Won Do},
  year = {2012},
  month = nov,
  volume = {287},
  pages = {41268--41276},
  issn = {0021-9258, 1083-351X},
  doi = {10.1074/jbc.M112.419127},
  url = {http://www.jbc.org/content/287/49/41268},
  urldate = {2019-09-26},
  journal = {Journal of Biological Chemistry},
  keywords = {First year report,FYVE Domain,Lipid-binding Protein,Neurite Outgrowth,Neurological Diseases,Phosphoinositides,PI 3-Kinase (PI3K)},
  language = {en},
  number = {49},
  pmid = {23043110}
}

@misc{GIMP,
  title = {{{GIMP}}},
  url = {https://www.gimp.org/},
  urldate = {2019-09-12},
  journal = {GIMP},
  language = {en}
}

@article{giudiceTranscriptionalLogicCell2018,
  title = {Transcriptional Logic of Cell Fate Specification and Axon Guidance in Early Born Retinal Neurons Revealed by Single-Cell {{mRNA}} Profiling},
  author = {Giudice, Quentin Lo and Leleu, Marion and Fabre, Pierre J.},
  year = {2018},
  month = dec,
  pages = {497081},
  doi = {10.1101/497081},
  url = {https://www.biorxiv.org/content/early/2018/12/14/497081},
  urldate = {2019-01-23},
  copyright = {\textcopyright{} 2018, Posted by Cold Spring Harbor Laboratory. This pre-print is available under a Creative Commons License (Attribution-NonCommercial-NoDerivs 4.0 International), CC BY-NC-ND 4.0, as described at http://creativecommons.org/licenses/by-nc-nd/4.0/},
  journal = {bioRxiv},
  keywords = {Search: 3},
  language = {en}
}

@article{goetzPresynapticPrecursorVesicles2020,
  title = {Presynaptic Precursor Vesicles Originate from the Trans-{{Golgi}} Network, Promoted by the Small {{GTPase RAB2}}},
  author = {Goetz, Torsten W. B. and Puchkov, Dmytro and Luetzkendorf, Janine and Nikonenko, Alexander G. and Quentin, Christine and Lehmann, Martin and Sigrist, Stephan J. and Petzoldt, Astrid G.},
  year = {2020},
  month = jun,
  pages = {2020.06.02.128991},
  publisher = {{Cold Spring Harbor Laboratory}},
  doi = {10.1101/2020.06.02.128991},
  url = {https://www.biorxiv.org/content/10.1101/2020.06.02.128991v1},
  urldate = {2020-06-04},
  chapter = {New Results},
  copyright = {\textcopyright{} 2020, Posted by Cold Spring Harbor Laboratory. The copyright holder for this pre-print is the author. All rights reserved. The material may not be redistributed, re-used or adapted without the author's permission.},
  journal = {bioRxiv},
  keywords = {Search: 16},
  language = {en}
}

@article{goldbergReportNationalEye2016,
  title = {Report on the {{National Eye Institute Audacious Goals Initiative}}: {{Regenerating}} the {{Optic Nerve}}},
  shorttitle = {Report on the {{National Eye Institute Audacious Goals Initiative}}},
  author = {Goldberg, Jeffrey L. and Guido, William and Participants, for the AGI Workshop},
  year = {2016},
  month = mar,
  volume = {57},
  pages = {1271--1275},
  issn = {1552-5783},
  doi = {10.1167/iovs.15-18500},
  url = {https://iovs.arvojournals.org/article.aspx?articleid=2505556},
  urldate = {2019-01-28},
  journal = {Investigative Ophthalmology \& Visual Science},
  keywords = {Search: Keith},
  language = {en},
  number = {3}
}

@techreport{gotzPresynapticPrecursorVesicles2020,
  title = {Presynaptic Precursor Vesicles Originate from the {\emph{Trans}} -{{Golgi}} Network, Promoted by the Small {{GTPase RAB2}}},
  author = {G{\"o}tz, Torsten W. B. and Puchkov, Dmytro and L{\"u}tzkendorf, Janine and Nikonenko, Alexander G. and Quentin, Christine and Lehmann, Martin and Sigrist, Stephan J. and Petzoldt, Astrid G.},
  year = {2020},
  month = jun,
  institution = {{Neuroscience}},
  doi = {10.1101/2020.06.02.128991},
  url = {http://biorxiv.org/lookup/doi/10.1101/2020.06.02.128991},
  urldate = {2020-06-09},
  keywords = {Search: 17},
  language = {en},
  type = {Preprint}
}

@article{guedes-diasAxonalTransportDriving2019,
  title = {Axonal Transport: {{Driving}} Synaptic Function},
  shorttitle = {Axonal Transport},
  author = {{Guedes-Dias}, Pedro and Holzbaur, Erika L. F.},
  year = {2019},
  month = oct,
  volume = {366},
  pages = {eaaw9997},
  issn = {0036-8075, 1095-9203},
  doi = {10.1126/science.aaw9997},
  url = {https://science.sciencemag.org/content/366/6462/eaaw9997},
  urldate = {2019-10-18},
  copyright = {Copyright \textcopyright{} 2019 The Authors, some rights reserved; exclusive licensee American Association for the Advancement of Science. No claim to original U.S. Government Works. http://www.sciencemag.org/about/science-licenses-journal-article-reuseThis is an article distributed under the terms of the Science Journals Default License.},
  journal = {Science},
  language = {en},
  number = {6462},
  pmid = {31601744}
}

@article{guoAxonalTransportDefects2019,
  title = {Axonal Transport Defects and Neurodegeneration: {{Molecular}} Mechanisms and Therapeutic Implications},
  shorttitle = {Axonal Transport Defects and Neurodegeneration},
  author = {Guo, Wenting and Stoklund Dittlau, Katarina and Van Den Bosch, Ludo},
  year = {2019},
  month = sep,
  issn = {1084-9521},
  doi = {10.1016/j.semcdb.2019.07.010},
  url = {http://www.sciencedirect.com/science/article/pii/S1084952118302192},
  urldate = {2019-10-18},
  journal = {Seminars in Cell \& Developmental Biology},
  keywords = {Amyotrophic lateral sclerosis,Axonal transport,Neurodegenerative diseases,Peripheral neuropathy},
  language = {en}
}

@misc{hadrienmaryKymographBuilderRelease2016,
  title = {{{KymographBuilder}}: {{Release}} 1.2.4},
  shorttitle = {{{KymographBuilder}}},
  author = {Hadrien Mary and Curtis Rueden and Tiago Ferreira},
  year = {2016},
  month = jun,
  doi = {10.5281/zenodo.56702},
  url = {https://zenodo.org/record/56702\#.XXpgKmZ7mUk},
  urldate = {2019-09-12},
  howpublished = {Zenodo}
}

@article{hashimotoProtrudinRegulatesEndoplasmic2014,
  title = {Protrudin Regulates Endoplasmic Reticulum Morphology and Function Associated with the Pathogenesis of Hereditary Spastic Paraplegia},
  author = {Hashimoto, Yutaka and Shirane, Michiko and Matsuzaki, Fumiko and Saita, Shotaro and Ohnishi, Takafumi and Nakayama, Keiichi I.},
  year = {2014},
  month = may,
  volume = {289},
  pages = {12946--12961},
  issn = {1083-351X},
  doi = {10.1074/jbc.M113.528687},
  journal = {The Journal of Biological Chemistry},
  keywords = {Amino Acid Substitution,Animals,Carrier Proteins,Endoplasmic Reticulum,Endoplasmic Reticulum (ER),Endoplasmic Reticulum Stress,Genetic Diseases; Inborn,Kinesin,Membrane Structure,Mice,Mice; Transgenic,Mutation; Missense,Neurodegenerative Diseases,Paraplegia,Proteomics,Spastic Paraplegia; Hereditary,Vesicular Transport Proteins},
  language = {eng},
  number = {19},
  pmcid = {PMC4036311},
  pmid = {24668814}
}

@article{hehnlyRab11EndosomesContribute2014,
  title = {Rab11 {{Endosomes Contribute}} to {{Mitotic Spindle Organization}} and {{Orientation}}},
  author = {Hehnly, Heidi and Doxsey, Stephen},
  year = {2014},
  month = mar,
  volume = {28},
  pages = {497--507},
  issn = {1534-5807},
  doi = {10.1016/j.devcel.2014.01.014},
  url = {http://www.sciencedirect.com/science/article/pii/S1534580714000379},
  urldate = {2018-12-31},
  journal = {Developmental Cell},
  keywords = {Search: initial},
  number = {5}
}

@article{hiltonCanInjuredAdult2017,
  title = {Can Injured Adult {{CNS}} Axons Regenerate by Recapitulating Development?},
  author = {Hilton, Brett J. and Bradke, Frank},
  year = {2017},
  month = oct,
  volume = {144},
  pages = {3417--3429},
  issn = {0950-1991, 1477-9129},
  doi = {10.1242/dev.148312},
  url = {http://dev.biologists.org/content/144/19/3417},
  urldate = {2019-05-31},
  copyright = {\textcopyright{} 2017. Published by The Company of Biologists Ltd},
  journal = {Development},
  language = {en},
  number = {19},
  pmid = {28974639}
}

@techreport{hoangCrossspeciesTranscriptomicEpigenomic2019,
  title = {Cross-Species Transcriptomic and Epigenomic Analysis Reveals Key Regulators of Injury Response and Neuronal Regeneration in Vertebrate Retinas},
  author = {Hoang, Thanh and Wang, Jie and Boyd, Patrick and Wang, Fang and Santiago, Clayton and Jiang, Lizhi and Lahne, Manuela and Yoo, Sooyeon and Todd, Levi J. and Saez, Cristian and Keuthan, Casey and Palazzo, Isabella and Squires, Natalie and Campbell, Warren A. and Jia, Meng and Rajaii, Fatemeh and Parayil, Trisha and Trinh, Vickie and Kim, Dong Won and Wang, Guohua and Ash, John and Fischer, Andy J. and Hyde, David R. and Qian, Jiang and Blackshaw, Seth},
  year = {2019},
  month = jul,
  institution = {{Neuroscience}},
  doi = {10.1101/717876},
  url = {http://biorxiv.org/lookup/doi/10.1101/717876},
  urldate = {2020-05-05},
  language = {en},
  type = {Preprint}
}

@article{hoffmanConditioningLesionInduces2010,
  title = {A Conditioning Lesion Induces Changes in Gene Expression and Axonal Transport That Enhance Regeneration by Increasing the Intrinsic Growth State of Axons},
  author = {Hoffman, Paul N.},
  year = {2010},
  month = may,
  volume = {223},
  pages = {11--18},
  issn = {00144886},
  doi = {10.1016/j.expneurol.2009.09.006},
  url = {https://linkinghub.elsevier.com/retrieve/pii/S0014488609003793},
  urldate = {2019-07-25},
  journal = {Experimental Neurology},
  language = {en},
  number = {1}
}

@article{hoffmanCorrelativeThreedimensionalSuperresolution2019,
  title = {Correlative Three-Dimensional Super-Resolution and Block Face Electron Microscopy of Whole Vitreously Frozen Cells},
  author = {Hoffman, David P. and Shtengel, Gleb and Xu, C. Shan and Campbell, Kirby R. and Freeman, Melanie and Wang, Lei and Milkie, Daniel E. and Pasolli, H. Amalia and Iyer, Nirmala and Bogovic, John A. and Stabley, Daniel R. and Shirinifard, Abbas and Pang, Song and Peale, David and Schaefer, Kathy and Pomp, Wim and Chang, Chi-Lun and {Lippincott-Schwartz}, Jennifer and Kirchhausen, Tom and Solecki, David J. and Betzig, Eric and Hess, Harald},
  year = {2019},
  month = sep,
  pages = {773986},
  doi = {10.1101/773986},
  url = {https://www.biorxiv.org/content/10.1101/773986v1},
  urldate = {2019-10-18},
  copyright = {\textcopyright{} 2019, Posted by Cold Spring Harbor Laboratory. The copyright holder for this pre-print is the author. All rights reserved. The material may not be redistributed, re-used or adapted without the author's permission.},
  journal = {bioRxiv},
  language = {en}
}

@article{hongPtdIns3PControlsMTORC12017,
  title = {{{PtdIns3P}} Controls {{mTORC1}} Signaling through Lysosomal Positioning},
  author = {Hong, Zhi and Pedersen, Nina Marie and Wang, Ling and Torgersen, Maria Lyngaas and Stenmark, Harald and Raiborg, Camilla},
  year = {2017},
  month = dec,
  volume = {216},
  pages = {4217--4233},
  publisher = {{The Rockefeller University Press}},
  issn = {0021-9525},
  doi = {10.1083/jcb.201611073},
  url = {https://rupress-org.ezp.lib.cam.ac.uk/jcb/article/216/12/4217/38807/PtdIns3P-controls-mTORC1-signaling-through},
  urldate = {2020-04-09},
  journal = {Journal of Cell Biology},
  language = {en},
  number = {12}
}

@article{huiReleaseCalciumEndolysosomes2015,
  title = {Release of Calcium from Endolysosomes Increases Calcium Influx through {{N}}-Type Calcium Channels: {{Evidence}} for Acidic Store-Operated Calcium Entry in Neurons},
  shorttitle = {Release of Calcium from Endolysosomes Increases Calcium Influx through {{N}}-Type Calcium Channels},
  author = {Hui, Liang and Geiger, Nicholas H. and {Bloor-Young}, Duncan and Churchill, Grant C. and Geiger, Jonathan D. and Chen, Xuesong},
  year = {2015},
  month = dec,
  volume = {58},
  pages = {617--627},
  issn = {0143-4160},
  doi = {10.1016/j.ceca.2015.10.001},
  url = {https://www.ncbi.nlm.nih.gov/pmc/articles/PMC4658297/},
  urldate = {2019-01-25},
  journal = {Cell calcium},
  keywords = {Search: 4},
  number = {6},
  pmcid = {PMC4658297},
  pmid = {26475051}
}

@article{huTherapeuticEfficacyMicrotubeembedded2018,
  title = {Therapeutic Efficacy of Microtube-Embedded Chondroitinase {{ABC}} in a Canine Clinical Model of Spinal Cord Injury},
  author = {Hu, Hilary Z. and Granger, Nicolas and Pai, S. Balakrishna and Bellamkonda, Ravi V. and Jeffery, Nick D.},
  year = {2018},
  month = apr,
  volume = {141},
  pages = {1017--1027},
  issn = {1460-2156},
  doi = {10.1093/brain/awy007},
  journal = {Brain: A Journal of Neurology},
  keywords = {Animals,Chondroitin ABC Lyase,Disease Models; Animal,Dogs,Evoked Potentials; Somatosensory,Exercise Test,Female,First year report,Injections; Spinal,Locomotion,Male,Pain Measurement,Skin,Spinal Cord Injuries,Transcranial Magnetic Stimulation,Treatment Outcome,Urinary Bladder Diseases},
  language = {eng},
  number = {4},
  pmid = {29444239}
}

@article{inpanathanLysosomeSignalingPlatform2019,
  title = {The {{Lysosome Signaling Platform}}: {{Adapting With}} the {{Times}}},
  shorttitle = {The {{Lysosome Signaling Platform}}},
  author = {Inpanathan, Subothan and Botelho, Roberto J.},
  year = {2019},
  volume = {7},
  issn = {2296-634X},
  doi = {10.3389/fcell.2019.00113},
  url = {https://www.frontiersin.org/articles/10.3389/fcell.2019.00113/full},
  urldate = {2019-09-11},
  journal = {Frontiers in Cell and Developmental Biology},
  keywords = {Cancer,Cellular adaptation,Compartmentisation,Infection,Inflammation,Intracellular signaling,Metabolism,Organelles,organization,stress},
  language = {English}
}

@article{jakobsKymoButlerDeepLearning2018,
  title = {{{KymoButler}}: {{A}} Deep Learning Software for Automated Kymograph Tracing and Analysis},
  shorttitle = {{{KymoButler}}},
  author = {Jakobs, Maximilian and Dimitracopoulos, Andrea and Franze, Kristian},
  year = {2018},
  month = aug,
  pages = {405183},
  doi = {10.1101/405183},
  url = {https://www.biorxiv.org/content/10.1101/405183v1},
  urldate = {2019-03-26},
  copyright = {\textcopyright{} 2018, Posted by Cold Spring Harbor Laboratory. This pre-print is available under a Creative Commons License (Attribution-NonCommercial-NoDerivs 4.0 International), CC BY-NC-ND 4.0, as described at http://creativecommons.org/licenses/by-nc-nd/4.0/},
  journal = {bioRxiv},
  language = {en}
}

@article{jakobsKymoButlerDeepLearning2019,
  title = {{{KymoButler}}, a Deep Learning Software for Automated Kymograph Analysis},
  author = {Jakobs, Maximilian AH and Dimitracopoulos, Andrea and Franze, Kristian},
  editor = {Bassereau, Patricia and Malhotra, Vivek and Urbach, Jeff and Danuser, Gaudenz},
  year = {2019},
  month = aug,
  volume = {8},
  pages = {e42288},
  issn = {2050-084X},
  doi = {10.7554/eLife.42288},
  url = {https://doi.org/10.7554/eLife.42288},
  urldate = {2019-09-12},
  journal = {eLife},
  keywords = {artificial intelligence,First year report,kymograms,kymographs,machine learning,neurons,transport}
}

@article{jessenRepairSchwannCell2016,
  title = {The Repair {{Schwann}} Cell and Its Function in Regenerating Nerves},
  author = {Jessen, K. R. and Mirsky, R.},
  year = {2016},
  month = jul,
  volume = {594},
  pages = {3521--3531},
  issn = {1469-7793},
  doi = {10.1113/JP270874},
  journal = {The Journal of Physiology},
  keywords = {Animals,First year report,Humans,Myelin Sheath,Nerve Regeneration,Nervous System Diseases,Schwann Cells},
  language = {eng},
  number = {13},
  pmcid = {PMC4929314},
  pmid = {26864683}
}

@article{jiangHighCaPhosphate2006,
  title = {High {{Ca}} 2+ -Phosphate Transfection Efficiency in Low-Density Neuronal Cultures},
  author = {Jiang, Min and Chen, Gong},
  year = {2006},
  month = aug,
  volume = {1},
  pages = {695--700},
  publisher = {{Nature Publishing Group}},
  issn = {1750-2799},
  doi = {10.1038/nprot.2006.86},
  url = {https://www.nature.com/articles/nprot.2006.86},
  urldate = {2020-03-13},
  copyright = {2006 Nature Publishing Group},
  journal = {Nature Protocols},
  language = {en},
  number = {2}
}

@article{jianPleckstrinHomologyPH2012,
  title = {The {{Pleckstrin Homology}} ({{PH}}) {{Domain}} of the {{Arf Exchange Factor Brag2 Is}} an {{Allosteric Binding Site}}},
  author = {Jian, Xiaoying and Gruschus, James M. and Sztul, Elizabeth and Randazzo, Paul A.},
  year = {2012},
  month = jul,
  volume = {287},
  pages = {24273--24283},
  issn = {0021-9258, 1083-351X},
  doi = {10.1074/jbc.M112.368084},
  url = {http://www.jbc.org/content/287/29/24273},
  urldate = {2019-03-11},
  journal = {Journal of Biological Chemistry},
  keywords = {ADP-ribosylation Factor,Arf1,Arf6,Brag2,Enzyme Catalysis,Enzyme Kinetics,G Proteins,GTPase,Guanine Nucleotide Exchange Factor (GEF),Sec7 Domain},
  language = {en},
  number = {29},
  pmid = {22613714}
}

@article{kaniukSalmonellaExploitsArl8Bdirected2011,
  title = {Salmonella Exploits {{Arl8B}}-Directed Kinesin Activity to Promote Endosome Tubulation and Cell-to-Cell Transfer},
  author = {Kaniuk, Natalia A. and Canadien, Veronica and Bagshaw, Richard D. and Bakowski, Malina and Braun, Virginie and Landekic, Marija and Mitra, Shuvadeep and Huang, Ju and Heo, Won Do and Meyer, Tobias and Pelletier, Laurence and Andrews-Polymenis, Helene and McClelland, Michael and Pawson, Tony and Grinstein, Sergio and Brumell, John H.},
  year = {2011},
  volume = {13},
  pages = {1812--1823},
  issn = {1462-5822},
  doi = {10.1111/j.1462-5822.2011.01663.x},
  url = {https://onlinelibrary.wiley.com/doi/abs/10.1111/j.1462-5822.2011.01663.x},
  urldate = {2019-02-04},
  copyright = {\textcopyright{} 2011 Blackwell Publishing Ltd},
  journal = {Cellular Microbiology},
  keywords = {Search: 6},
  language = {en},
  number = {11}
}

@article{karandurMultipleInteractionsArf2017,
  title = {Multiple Interactions between an {{Arf}}/{{GEF}} Complex and Charged Lipids Determine Activation Kinetics on the Membrane},
  author = {Karandur, Deepti and Nawrotek, Agata and Kuriyan, John and Cherfils, Jacqueline},
  year = {2017},
  month = oct,
  volume = {114},
  pages = {11416--11421},
  issn = {0027-8424, 1091-6490},
  doi = {10.1073/pnas.1707970114},
  url = {http://www.pnas.org/lookup/doi/10.1073/pnas.1707970114},
  urldate = {2019-03-11},
  journal = {Proceedings of the National Academy of Sciences},
  keywords = {Search: 13},
  language = {en},
  number = {43}
}

@article{katzDrosophilaLightactivatedTRP2018,
  title = {The {{Drosophila}} Light-Activated {{TRP}} and {{TRPL}} Channels - {{Targets}} of the Phosphoinositide Signaling Cascade},
  author = {Katz, Ben and Minke, Baruch},
  year = {2018},
  month = sep,
  volume = {66},
  pages = {200--219},
  issn = {1350-9462},
  doi = {10.1016/j.preteyeres.2018.05.001},
  url = {http://www.sciencedirect.com/science/article/pii/S1350946217301222},
  urldate = {2020-01-06},
  journal = {Progress in Retinal and Eye Research},
  keywords = {Gq-protein,Phosphoinositide signaling,Phospholipase C,Phototransduction,Single photon response,TRP and TRPL},
  language = {en}
}

@article{kesisovaSeptinGTPaseScaffold2020,
  title = {A Septin {{GTPase}} Scaffold of Dynein-Dynactin Motors Triggers Retrograde Lysosome Transport},
  author = {Kesisova, Ilona and Robinson, Benjamin and Spiliotis, Elias},
  year = {2020},
  month = jun,
  pages = {2020.06.01.128488},
  publisher = {{Cold Spring Harbor Laboratory}},
  doi = {10.1101/2020.06.01.128488},
  url = {https://www.biorxiv.org/content/10.1101/2020.06.01.128488v1},
  urldate = {2020-06-04},
  chapter = {New Results},
  copyright = {\textcopyright{} 2020, Posted by Cold Spring Harbor Laboratory. The copyright holder for this pre-print is the author. All rights reserved. The material may not be redistributed, re-used or adapted without the author's permission.},
  journal = {bioRxiv},
  language = {en}
}

@techreport{kesisovaSeptinGTPaseScaffold2020a,
  title = {A Septin {{GTPase}} Scaffold of Dynein-Dynactin Motors Triggers Retrograde Lysosome Transport},
  author = {Kesisova, Ilona A. and Robinson, Benjamin P. and Spiliotis, Elias T.},
  year = {2020},
  month = jun,
  institution = {{Cell Biology}},
  doi = {10.1101/2020.06.01.128488},
  url = {http://biorxiv.org/lookup/doi/10.1101/2020.06.01.128488},
  urldate = {2020-06-09},
  keywords = {Search: 17},
  language = {en},
  type = {Preprint}
}

@article{kinoshita-kawadaCrucialRoleArf62019,
  title = {A Crucial Role for {{Arf6}} in the Response of Commissural Axons to {{Slit}}},
  author = {{Kinoshita-Kawada}, Mariko and Hasegawa, Hiroshi and Hongu, Tsunaki and Yanagi, Shigeru and Kanaho, Yasunori and Masai, Ichiro and Mishima, Takayasu and Chen, Xiaoping and Tsuboi, Yoshio and Rao, Yi and {Yuasa-Kawada}, Junichi and Wu, Jane Y.},
  year = {2019},
  month = feb,
  volume = {146},
  pages = {dev172106},
  issn = {0950-1991, 1477-9129},
  doi = {10.1242/dev.172106},
  url = {http://dev.biologists.org/lookup/doi/10.1242/dev.172106},
  urldate = {2019-02-25},
  journal = {Development},
  keywords = {Search: 12},
  language = {en},
  number = {3}
}

@article{korolchukLysosomalPositioningCoordinates2011,
  title = {Lysosomal Positioning Coordinates Cellular Nutrient Responses},
  author = {Korolchuk, Viktor I. and Saiki, Shinji and Lichtenberg, Maike and Siddiqi, Farah H. and Roberts, Esteban A. and Imarisio, Sara and Jahreiss, Luca and Sarkar, Sovan and Futter, Marie and Menzies, Fiona M. and O'Kane, Cahir J. and Deretic, Vojo and Rubinsztein, David C.},
  year = {2011},
  month = apr,
  volume = {13},
  pages = {453--460},
  publisher = {{Nature Publishing Group}},
  issn = {1476-4679},
  doi = {10.1038/ncb2204},
  url = {http://www.nature.com/articles/ncb2204},
  urldate = {2020-04-03},
  journal = {Nature Cell Biology},
  language = {en},
  number = {4}
}

@article{kosekiSelectiveRab11Transport2017,
  title = {Selective Rab11 Transport and the Intrinsic Regenerative Ability of {{CNS}} Axons},
  author = {Koseki, Hiroaki and Doneg{\'a}, Matteo and Lam, Brian YH and Petrova, Veselina and {van Erp}, Susan and Yeo, Giles SH and Kwok, Jessica CF and {ffrench-Constant}, Charles and Eva, Richard and Fawcett, James W},
  editor = {VijayRaghavan, K},
  year = {2017},
  month = aug,
  volume = {6},
  pages = {e26956},
  issn = {2050-084X},
  doi = {10.7554/eLife.26956},
  url = {https://doi.org/10.7554/eLife.26956},
  urldate = {2019-01-09},
  journal = {eLife},
  keywords = {axon regeneration,axonal transport,axotomy,endosomes,First year report,Search: initial,small GTPases,trafficking}
}

@article{kraussGrabMoveER2015,
  title = {A Grab to Move on: {{ER}}\textendash Endosome Contacts in Membrane Protrusion Formation and Neurite Outgrowth},
  shorttitle = {A Grab to Move On},
  author = {Krau{\ss}, Michael and Haucke, Volker},
  year = {2015},
  month = jun,
  volume = {34},
  pages = {1442--1444},
  publisher = {{John Wiley \& Sons, Ltd}},
  issn = {0261-4189},
  doi = {10.15252/embj.201591553},
  url = {https://www.embopress.org/doi/full/10.15252/embj.201591553},
  urldate = {2020-04-14},
  journal = {The EMBO Journal},
  number = {11}
}

@article{kriegerFourAlphaGanglion2017,
  title = {Four Alpha Ganglion Cell Types in Mouse Retina: {{Function}}, Structure, and Molecular Signatures},
  shorttitle = {Four Alpha Ganglion Cell Types in Mouse Retina},
  author = {Krieger, Brenna and Qiao, Mu and Rousso, David L. and Sanes, Joshua R. and Meister, Markus},
  year = {2017},
  month = jul,
  volume = {12},
  pages = {e0180091},
  issn = {1932-6203},
  doi = {10.1371/journal.pone.0180091},
  url = {https://journals.plos.org/plosone/article?id=10.1371/journal.pone.0180091},
  urldate = {2019-01-09},
  journal = {PLOS ONE},
  keywords = {Action potentials,Ganglion cells,Neuronal dendrites,Neurons,Retina,Retinal ganglion cells,Search: initial,Vision,Yellow fluorescent protein},
  language = {en},
  number = {7}
}

@article{kriegsteinMorphologicalClassificationRat1983,
  title = {Morphological Classification of Rat Cortical Neurons in Cell Culture},
  author = {Kriegstein, A. R. and Dichter, M. A.},
  year = {1983},
  month = aug,
  volume = {3},
  pages = {1634--1647},
  publisher = {{Society for Neuroscience}},
  issn = {0270-6474, 1529-2401},
  doi = {10.1523/JNEUROSCI.03-08-01634.1983},
  url = {https://www.jneurosci.org/content/3/8/1634},
  urldate = {2020-04-16},
  chapter = {Articles},
  copyright = {\textcopyright{} 1983 by Society for Neuroscience},
  journal = {Journal of Neuroscience},
  language = {en},
  number = {8},
  pmid = {6875660}
}

@article{kumagaiBilirubinInducibleFluorescentProtein2013,
  title = {A {{Bilirubin}}-{{Inducible Fluorescent Protein}} from {{Eel Muscle}}},
  author = {Kumagai, Akiko and Ando, Ryoko and Miyatake, Hideyuki and Greimel, Peter and Kobayashi, Toshihide and Hirabayashi, Yoshio and Shimogori, Tomomi and Miyawaki, Atsushi},
  year = {2013},
  month = jun,
  volume = {153},
  pages = {1602--1611},
  issn = {0092-8674},
  doi = {10.1016/j.cell.2013.05.038},
  url = {http://www.sciencedirect.com/science/article/pii/S0092867413006442},
  urldate = {2019-06-21},
  journal = {Cell},
  number = {7}
}

@article{langerRetinalGanglionCell2018,
  title = {Retinal {{Ganglion Cell Diversity}} and {{Subtype Specification}} from {{Human Pluripotent Stem Cells}}},
  author = {Langer, Kirstin B. and Ohlemacher, Sarah K. and Phillips, M. Joseph and Fligor, Clarisse M. and Jiang, Peng and Gamm, David M. and Meyer, Jason S.},
  year = {2018},
  month = apr,
  volume = {10},
  pages = {1282--1293},
  issn = {2213-6711},
  doi = {10.1016/j.stemcr.2018.02.010},
  url = {http://www.sciencedirect.com/science/article/pii/S2213671118301012},
  urldate = {2019-01-23},
  journal = {Stem Cell Reports},
  keywords = {alpha RGC,direction selective RGC,ipRGC,iPSC,retina,retinal ganglion cell,RGC subtype,RNA-seq,Search: 2,stem cell},
  number = {4}
}

@article{lawrenceLysosomeCellularCentre2019,
  title = {The Lysosome as a Cellular Centre for Signalling, Metabolism and Quality Control},
  author = {Lawrence, Rosalie E. and Zoncu, Roberto},
  year = {2019},
  month = feb,
  volume = {21},
  pages = {133},
  issn = {1476-4679},
  doi = {10.1038/s41556-018-0244-7},
  url = {https://www.nature.com/articles/s41556-018-0244-7},
  urldate = {2019-05-13},
  copyright = {2019 Springer Nature Limited},
  journal = {Nature Cell Biology},
  language = {En},
  number = {2}
}

@article{leeIncreasedERMitochondria2019,
  title = {Increased {{ER}}\textendash Mitochondria Tethering Promotes Axon Regeneration},
  author = {Lee, Soyeon and Wang, Wei and Hwang, Jinyeon and Namgung, Uk and Min, Kyung-Tai},
  year = {2019},
  month = aug,
  volume = {116},
  pages = {16074--16079},
  issn = {0027-8424, 1091-6490},
  doi = {10.1073/pnas.1818830116},
  url = {http://www.pnas.org/lookup/doi/10.1073/pnas.1818830116},
  urldate = {2020-05-27},
  journal = {Proceedings of the National Academy of Sciences},
  language = {en},
  number = {32}
}

@article{leeLysosomalProteolysisInhibition2011,
  title = {Lysosomal {{Proteolysis Inhibition Selectively Disrupts Axonal Transport}} of {{Degradative Organelles}} and {{Causes}} an {{Alzheimer}}'s-{{Like Axonal Dystrophy}}},
  author = {Lee, Sooyeon and Sato, Yutaka and Nixon, Ralph A.},
  year = {2011},
  month = may,
  volume = {31},
  pages = {7817--7830},
  issn = {0270-6474, 1529-2401},
  doi = {10.1523/JNEUROSCI.6412-10.2011},
  url = {http://www.jneurosci.org/content/31/21/7817},
  urldate = {2019-02-20},
  copyright = {Copyright \textcopyright{} 2011 the authors 0270-6474/11/317817-14\$15.00/0},
  journal = {Journal of Neuroscience},
  keywords = {ref_by: 10.1016/j.neuron.2015.06.026},
  language = {en},
  number = {21},
  pmid = {21613495}
}

@article{levinSpecialCommentaryEarly2017,
  title = {Special {{Commentary}}: {{Early Clinical Development}} of {{Cell Replacement Therapy}}: {{Considerations}} for the {{National Eye Institute Audacious Goals Initiative}}},
  shorttitle = {Special {{Commentary}}},
  author = {Levin, Leonard A. and Miller, Joan W. and Zack, Donald J. and Friedlander, Martin and Smith, Lois E. H.},
  year = {2017},
  month = jul,
  volume = {124},
  pages = {926--934},
  issn = {0161-6420},
  doi = {10.1016/j.ophtha.2017.02.017},
  url = {http://www.sciencedirect.com/science/article/pii/S0161642016323259},
  urldate = {2019-01-28},
  journal = {Ophthalmology},
  keywords = {Search: Keith},
  number = {7}
}

@article{lewisProgressiveDecreaseMitochondrial2016,
  title = {Progressive {{Decrease}} of {{Mitochondrial Motility}} during {{Maturation}} of {{Cortical Axons In Vitro}} and {{In Vivo}}},
  author = {Lewis, Tommy L. and Turi, Gergely F. and Kwon, Seok-Kyu and Losonczy, Attila and Polleux, Franck},
  year = {2016},
  month = oct,
  volume = {26},
  pages = {2602--2608},
  issn = {0960-9822},
  doi = {10.1016/j.cub.2016.07.064},
  url = {https://www.cell.com/current-biology/abstract/S0960-9822(16)30858-2},
  urldate = {2019-09-26},
  journal = {Current Biology},
  keywords = {First year report},
  language = {English},
  number = {19}
}

@techreport{liaoRNAGranulesHitchhike2019,
  title = {{{RNA Granules Hitchhike}} on {{Lysosomes}} for {{Long}}-{{Distance Transport}}, {{Using Annexin A11}} as a {{Molecular Tether}}},
  author = {Liao, Ya-Cheng and Fernandopulle, Michael and Wang, Guozhen and Choi, Heejun and Hao, Ling and Drerup, Catherine M. and Qamar, Seema and {Nixon-Abell}, Jonathon and Shen, Yi and Meadows, William and Vendruscolo, Michele and Knowles, Tuomas and Nelson, Matthew and Czekalska, Magda and Musteikyte, Greta and Patel, Rajan and Stephens, Christina and Pasolli, Amalia and Forrest, Lucy and {George-Hyslop}, Peter St and {Lippincott-Schwartz}, Jennifer and Ward, Michael E.},
  year = {2019},
  month = jan,
  address = {{Rochester, NY}},
  institution = {{Social Science Research Network}},
  url = {https://papers.ssrn.com/abstract=3312723},
  urldate = {2019-02-08},
  keywords = {Amalia Pasolli,Catherine M. Drerup,Christina Stephens,Greta Musteikyte,Guozhen Wang,Heejun Choi,Jennifer Lippincott-Schwartz,Jonathon Nixon-Abell,Ling Hao,Lucy Forrest,Magda Czekalska,Matthew Nelson,Michael E. Ward,Michael Fernandopulle,Michele Vendruscolo,Peter St George-Hyslop,Rajan Patel,RNA Granules Hitchhike on Lysosomes for Long-Distance Transport,Search: 9,Seema Qamar,SSRN,Tuomas Knowles,Using Annexin A11 as a Molecular Tether,William Meadows,Ya-Cheng Liao,Yi Shen},
  language = {en},
  number = {ID 3312723},
  type = {{{SSRN Scholarly Paper}}}
}

@article{liaoRNAGranulesHitchhike2019a,
  title = {{{RNA Granules Hitchhike}} on {{Lysosomes}} for {{Long}}-{{Distance Transport}}, {{Using Annexin A11}} as a {{Molecular Tether}}},
  author = {Liao, Ya-Cheng and Fernandopulle, Michael S. and Wang, Guozhen and Choi, Heejun and Hao, Ling and Drerup, Catherine M. and Patel, Rajan and Qamar, Seema and {Nixon-Abell}, Jonathon and Shen, Yi and Meadows, William and Vendruscolo, Michele and Knowles, Tuomas P. J. and Nelson, Matthew and Czekalska, Magdalena A. and Musteikyte, Greta and Gachechiladze, Mariam A. and Stephens, Christina A. and Pasolli, H. Amalia and Forrest, Lucy R. and {George-Hyslop}, Peter St and {Lippincott-Schwartz}, Jennifer and Ward, Michael E.},
  year = {2019},
  month = sep,
  volume = {179},
  pages = {147-164.e20},
  issn = {0092-8674, 1097-4172},
  doi = {10.1016/j.cell.2019.08.050},
  url = {https://www.cell.com/cell/abstract/S0092-8674(19)30969-9},
  urldate = {2019-09-20},
  journal = {Cell},
  keywords = {First year report},
  language = {English},
  number = {1}
}

@article{liExperimentalInductionRetinal1999,
  title = {Experimental Induction of Retinal Ganglion Cell Death in Adult Mice.},
  author = {Li, Y. and Schlamp, C. L. and Nickells, R. W.},
  year = {1999},
  month = apr,
  volume = {40},
  pages = {1004--1008},
  issn = {1552-5783},
  url = {https://iovs.arvojournals.org/article.aspx?articleid=2162104},
  urldate = {2019-02-11},
  journal = {Investigative Ophthalmology \& Visual Science},
  keywords = {Search: 10},
  language = {en},
  number = {5}
}

@article{liInhibitionMiR21Ameliorates2018,
  title = {Inhibition of {{miR}}-21 Ameliorates Excessive Astrocyte Activation and Promotes Axon Regeneration Following Optic Nerve Crush},
  author = {Li, Hong-Jiang and Pan, Yuan-Bo and Sun, Zhao-Liang and Sun, Yi-Yu and Yang, Xi-Tao and Feng, Dong-Fu},
  year = {2018},
  month = jul,
  volume = {137},
  pages = {33--49},
  issn = {0028-3908},
  doi = {10.1016/j.neuropharm.2018.04.028},
  url = {http://www.sciencedirect.com/science/article/pii/S0028390818301837},
  urldate = {2019-02-11},
  journal = {Neuropharmacology},
  keywords = {Astrocyte activation,Axonal regeneration,EGFR pathway,Glial scar,microRNA-21,Optic nerve crush,Search: 10}
}

@article{liInhibitionMiRNA21Promotes2019,
  title = {Inhibition of {{miRNA}}-21 Promotes Retinal Ganglion Cell Survival and Visual Function by Modulating {{M\"uller}} Cell Gliosis after Optic Nerve Crush},
  author = {Li, Hong-Jiang and Sun, Zhao-Liang and Pan, Yuan-Bo and Sun, Yi-Yu and Xu, Mang-Hua and Feng, Dong-Fu},
  year = {2019},
  month = feb,
  volume = {375},
  pages = {10--19},
  issn = {0014-4827},
  doi = {10.1016/j.yexcr.2019.01.009},
  url = {http://www.sciencedirect.com/science/article/pii/S0014482719300138},
  urldate = {2019-02-11},
  journal = {Experimental Cell Research},
  keywords = {MicroRNA-21,Müller cell gliosis,Optic nerve crush,Positive scotopic threshold response,Retinal nerve fiber layer thickness,Search: 10},
  number = {2}
}

@article{lopez-lealSchwannCellReprogramming2020,
  title = {Schwann Cell Reprogramming into Repair Cells Increases Exosome-Loaded {{miRNA}}-21 Promoting Axonal Growth},
  author = {{L{\'o}pez-Leal}, Rodrigo and {D{\'i}az-Viraqu{\'e}}, Florencia and Catalan, Romina J. and Saquel, Cristian and Enright, Anton and Iraola, Gregorio and Court, Felipe A.},
  year = {2020},
  month = jan,
  publisher = {{The Company of Biologists Ltd}},
  issn = {0021-9533, 1477-9137},
  doi = {10.1242/jcs.239004},
  url = {https://jcs-biologists-org.ezp.lib.cam.ac.uk/content/early/2020/05/12/jcs.239004},
  urldate = {2020-06-09},
  chapter = {Research Article},
  copyright = {\textcopyright{} 2020. Published by The Company of Biologists Ltd. http://www.biologists.com.ezp.lib.cam.ac.uk/user-licence-1-1/},
  journal = {Journal of Cell Science},
  language = {en},
  pmid = {32409566}
}

@article{luarteAxonalEndoplasmicReticulum2018,
  title = {The Axonal Endoplasmic Reticulum: {{One}} Organelle\textemdash Many Functions in Development, Maintenance, and Plasticity},
  shorttitle = {The Axonal Endoplasmic Reticulum},
  author = {Luarte, Alejandro and Cornejo, V{\'i}ctor Hugo and Bertin, Francisca and Gallardo, Javiera and Couve, Andr{\'e}s},
  year = {2018},
  volume = {78},
  pages = {181--208},
  issn = {1932-846X},
  doi = {10.1002/dneu.22560},
  url = {https://onlinelibrary.wiley.com/doi/abs/10.1002/dneu.22560},
  urldate = {2019-01-11},
  copyright = {\textcopyright{} 2017 Wiley Periodicals, Inc.},
  journal = {Developmental Neurobiology},
  keywords = {axon,Ca2+,lipid metabolism,neurons,protein synthesis,proteome,Search: initial,trafficking,transmembrane proteins},
  language = {en},
  number = {3}
}

@article{lundRab2DrivesAxonal2020,
  title = {Rab2 Drives Axonal Transport of Dense Core Vesicles and Lysosomal Organelles},
  author = {Lund, Viktor K. and Lycas, Matthew D. and Schack, Anders and Andersen, Rita C. and Gether, UIrik and Kjaerulff, Ole},
  year = {2020},
  month = jun,
  pages = {2020.06.03.131672},
  publisher = {{Cold Spring Harbor Laboratory}},
  doi = {10.1101/2020.06.03.131672},
  url = {https://www.biorxiv.org/content/10.1101/2020.06.03.131672v1},
  urldate = {2020-06-04},
  chapter = {New Results},
  copyright = {\textcopyright{} 2020, Posted by Cold Spring Harbor Laboratory. The copyright holder for this pre-print is the author. All rights reserved. The material may not be redistributed, re-used or adapted without the author's permission.},
  journal = {bioRxiv},
  keywords = {Search: 16},
  language = {en}
}

@techreport{lundRab2DrivesAxonal2020a,
  title = {Rab2 Drives Axonal Transport of Dense Core Vesicles and Lysosomal Organelles},
  author = {Lund, Viktor K. and Lycas, Matthew D. and Schack, Anders and Andersen, Rita C. and Gether, Ulrik and Kjaerulff, Ole},
  year = {2020},
  month = jun,
  institution = {{Neuroscience}},
  doi = {10.1101/2020.06.03.131672},
  url = {http://biorxiv.org/lookup/doi/10.1101/2020.06.03.131672},
  urldate = {2020-06-09},
  keywords = {Search: 17},
  language = {en},
  type = {Preprint}
}

@article{manavskiBrag2DifferentiallyRegulates2014,
  title = {Brag2 Differentially Regulates {$B$}1- and {$B$}3-Integrin-Dependent Adhesion in Endothelial Cells and Is Involved in Developmental and Pathological Angiogenesis},
  author = {Manavski, Yosif and Carmona, Guillaume and Bennewitz, Katrin and Tang, Zhongshu and Zhang, Fan and Sakurai, Atsuko and Zeiher, Andreas M. and Gutkind, J. Silvio and Li, Xuri and Kroll, Jens and Dimmeler, Stefanie and Chavakis, Emmanouil},
  year = {2014},
  month = feb,
  volume = {109},
  pages = {404},
  issn = {1435-1803},
  doi = {10.1007/s00395-014-0404-2},
  url = {https://doi.org/10.1007/s00395-014-0404-2},
  urldate = {2019-03-11},
  journal = {Basic Research in Cardiology},
  keywords = {Angiogenesis,Brag2,Endocytosis,Integrins,Migration,Search: 13},
  language = {en},
  number = {2}
}

@article{marangoniAgerelatedAxonalSwellings2014,
  title = {Age-Related Axonal Swellings Precede Other Neuropathological Hallmarks in a Knock-in Mouse Model of {{Huntington}}'s Disease},
  author = {Marangoni, Martina and Adalbert, Robert and Janeckova, Lucie and Patrick, Jane and Kohli, Jaskaren and Coleman, Michael P. and Conforti, Laura},
  year = {2014},
  month = oct,
  volume = {35},
  pages = {2382--2393},
  issn = {0197-4580},
  doi = {10.1016/j.neurobiolaging.2014.04.024},
  url = {http://www.sciencedirect.com/science/article/pii/S0197458014003261},
  urldate = {2020-04-17},
  journal = {Neurobiology of Aging},
  keywords = {Axon pathology,Axonal swelling,HdhQ140,Huntington's disease,mHTT aggregates,R6/2,Stria terminalis,Yellow fluorescent protein},
  language = {en},
  number = {10}
}

@article{martinGeneDeliveryEye2002,
  title = {Gene Delivery to the Eye Using Adeno-Associated Viral Vectors},
  author = {Martin, Keith R. G and Klein, Ronald L and Quigley, Harry A},
  year = {2002},
  month = oct,
  volume = {28},
  pages = {267--275},
  issn = {1046-2023},
  doi = {10.1016/S1046-2023(02)00232-3},
  url = {http://www.sciencedirect.com/science/article/pii/S1046202302002323},
  urldate = {2018-12-31},
  journal = {Methods},
  keywords = {Adeno-associated virus,Eye,Gene therapy,Glaucoma,Green fluorescent protein,Retinal ganglion cell,Search: initial,Woodchuck hepatitis posttranscriptional regulatory element},
  number = {2}
}

@article{martinGeneTherapyBrainDerived2003,
  title = {Gene {{Therapy}} with {{Brain}}-{{Derived Neurotrophic Factor As}} a {{Protection}}: {{Retinal Ganglion Cells}} in a {{Rat Glaucoma Model}}},
  shorttitle = {Gene {{Therapy}} with {{Brain}}-{{Derived Neurotrophic Factor As}} a {{Protection}}},
  author = {Martin, Keith R. G. and Quigley, Harry A. and Zack, Donald J. and {Levkovitch-Verbin}, Hana and Kielczewski, Jennifer and Valenta, Danielle and Baumrind, Lisa and Pease, Mary Ellen and Klein, Ronald L. and Hauswirth, William W.},
  year = {2003},
  month = oct,
  volume = {44},
  pages = {4357--4365},
  issn = {1552-5783},
  doi = {10.1167/iovs.02-1332},
  url = {https://iovs.arvojournals.org/article.aspx?articleid=2181802},
  urldate = {2018-12-31},
  journal = {Investigative Ophthalmology \& Visual Science},
  keywords = {Search: initial},
  language = {en},
  number = {10}
}

@article{matamorosKnockdownFidgetinImproves2019,
  title = {Knockdown of {{Fidgetin Improves Regeneration}} of {{Injured Axons}} by a {{Microtubule}}-{{Based Mechanism}}},
  author = {Matamoros, Andrew J. and Tom, Veronica J. and Wu, Di and Rao, Yash and Sharp, David J. and Baas, Peter W.},
  year = {2019},
  month = mar,
  volume = {39},
  pages = {2011--2024},
  issn = {0270-6474, 1529-2401},
  doi = {10.1523/JNEUROSCI.1888-18.2018},
  url = {http://www.jneurosci.org/content/39/11/2011},
  urldate = {2019-04-25},
  copyright = {Copyright \textcopyright{} 2019 the authors 0270-6474/19/392011-14\$15.00/0},
  journal = {Journal of Neuroscience},
  keywords = {axon,DRG,fidgetin,microtubule,regeneration},
  language = {en},
  number = {11},
  pmid = {30647150}
}

@article{mattediTemporalControlAxonal2019,
  title = {Temporal {{Control}} of {{Axonal Transport}}: {{The Extreme Case}} of {{Organismal Ageing}}},
  shorttitle = {Temporal {{Control}} of {{Axonal Transport}}},
  author = {Mattedi, Francesca and Vagnoni, Alessio},
  year = {2019},
  volume = {13},
  issn = {1662-5102},
  doi = {10.3389/fncel.2019.00393},
  url = {https://www.frontiersin.org/articles/10.3389/fncel.2019.00393/full},
  urldate = {2019-10-18},
  journal = {Frontiers in Cellular Neuroscience},
  keywords = {Ageing,Axonal Transport,in vivo imaging,intracellular trafficking,Mitochondria,Model orgainsms,Neurons},
  language = {English}
}

@misc{MetaMorphMicroscopyAutomation,
  title = {{{MetaMorph Microscopy Automation}} and {{Image Analysis Software}}},
  url = {https://www.moleculardevices.com/products/cellular-imaging-systems/acquisition-and-analysis-software/metamorph-microscopy},
  urldate = {2019-09-12},
  journal = {Molecular Devices},
  language = {en}
}

@article{mevesSynapticSuppressionAxon2016,
  title = {Synaptic {{Suppression}} of {{Axon Regeneration}}},
  author = {Meves, Jessica M. and Zheng, Binhai},
  year = {2016},
  month = oct,
  volume = {92},
  pages = {267--269},
  issn = {0896-6273},
  doi = {10.1016/j.neuron.2016.10.012},
  url = {http://www.sciencedirect.com/science/article/pii/S0896627316307139},
  urldate = {2019-08-29},
  journal = {Neuron},
  number = {2}
}

@article{miaoMTORC1NecessaryMTORC22016,
  title = {{{mTORC1}} Is Necessary but {{mTORC2}} and {{GSK3$\beta$}} Are Inhibitory for {{AKT3}}-Induced Axon Regeneration in the Central Nervous System},
  author = {Miao, Linqing and Yang, Liu and Huang, Haoliang and Liang, Feisi and Ling, Chen and Hu, Yang},
  editor = {Sonenberg, Nahum},
  year = {2016},
  month = mar,
  volume = {5},
  pages = {e14908},
  publisher = {{eLife Sciences Publications, Ltd}},
  issn = {2050-084X},
  doi = {10.7554/eLife.14908},
  url = {https://doi.org/10.7554/eLife.14908},
  urldate = {2020-04-24},
  journal = {eLife},
  keywords = {AKT,axon regeneration,GSK3,mTORC1,mTORC2,optic nerve}
}

@article{mogessieMeetingReportCell2019,
  title = {Meeting Report \textendash{} {{Cell}} Dynamics: Organelle\textendash Cytoskeleton Interface},
  shorttitle = {Meeting Report \textendash{} {{Cell}} Dynamics},
  author = {Mogessie, Binyam and Zenner, Helen and Renkawitz, J{\"o}rg},
  year = {2019},
  month = aug,
  volume = {132},
  pages = {jcs236679},
  issn = {0021-9533, 1477-9137},
  doi = {10.1242/jcs.236679},
  url = {https://jcs.biologists.org/content/132/16/jcs236679},
  urldate = {2019-10-18},
  copyright = {\textcopyright{} 2019. Published by The Company of Biologists Ltd},
  journal = {Journal of Cell Science},
  language = {en},
  number = {16},
  pmid = {31416851}
}

@article{mohanDetyrosinatedMicrotubulesSpatially2019,
  title = {Detyrosinated Microtubules Spatially Constrain Lysosomes Facilitating Lysosome-Autophagosome Fusion},
  author = {Mohan, Nitin and Sorokina, Elena M. and Verdeny, Ione Vilanova and Alvarez, Angel Sandoval and Lakadamyali, Melike},
  year = {2019},
  month = feb,
  volume = {218},
  pages = {632--643},
  issn = {1540-8140},
  doi = {10.1083/jcb.201807124},
  journal = {The Journal of Cell Biology},
  keywords = {Acetylation,Animals,Autophagosomes,Cell Line,Chlorocebus aethiops,Epithelial Cells,Kidney,Kinesin,Lysosomes,Membrane Fusion,Microtubules,Protein Processing; Post-Translational,Tubulin,Tyrosine},
  language = {eng},
  number = {2},
  pmcid = {PMC6363446},
  pmid = {30567713}
}

@article{mooreKLFFamilyMembers2009,
  title = {{{KLF Family Members Regulate Intrinsic Axon Regeneration Ability}}},
  author = {Moore, Darcie L. and Blackmore, Murray G. and Hu, Ying and Kaestner, Klaus H. and Bixby, John L. and Lemmon, Vance P. and Goldberg, Jeffrey L.},
  year = {2009},
  month = oct,
  volume = {326},
  pages = {298--301},
  issn = {0036-8075, 1095-9203},
  doi = {10.1126/science.1175737},
  url = {https://science.sciencemag.org/content/326/5950/298},
  urldate = {2019-09-26},
  copyright = {Copyright \textcopyright{} 2009, American Association for the Advancement of Science},
  journal = {Science},
  keywords = {First year report},
  language = {en},
  number = {5950},
  pmid = {19815778}
}

@article{moreno-laysecaIntegrinTraffickingCells2019,
  title = {Integrin Trafficking in Cells and Tissues},
  author = {{Moreno-Layseca}, Paulina and Icha, Jaroslav and Hamidi, Hellyeh and Ivaska, Johanna},
  year = {2019},
  month = feb,
  volume = {21},
  pages = {122},
  issn = {1476-4679},
  doi = {10.1038/s41556-018-0223-z},
  url = {https://www.nature.com/articles/s41556-018-0223-z},
  urldate = {2019-02-08},
  copyright = {2019 Springer Nature Limited},
  journal = {Nature Cell Biology},
  keywords = {Search: 9},
  language = {En},
  number = {2}
}

@article{mrakovicRab7Arl8GTPases2012,
  title = {Rab7 and {{Arl8 GTPases}} Are {{Necessary}} for {{Lysosome Tubulation}} in {{Macrophages}}},
  author = {Mrakovic, Amra and Kay, Jason G. and Furuya, Wendy and Brumell, John H. and Botelho, Roberto J.},
  year = {2012},
  volume = {13},
  pages = {1667--1679},
  issn = {1600-0854},
  doi = {10.1111/tra.12003},
  url = {https://onlinelibrary.wiley.com/doi/abs/10.1111/tra.12003},
  urldate = {2019-02-04},
  copyright = {\textcopyright{} 2012 John Wiley \& Sons A/S},
  journal = {Traffic},
  keywords = {GTPases,lipopolysaccharide,lysosome,macrophages,microtubules,motility,motor proteins,Search: 6,tubulation},
  language = {en},
  number = {12}
}

@article{muirRecentAdvancesTherapeutic2019,
  title = {Recent Advances in the Therapeutic Uses of Chondroitinase {{ABC}}},
  author = {Muir, E. and De Winter, F. and Verhaagen, J. and Fawcett, J.},
  year = {2019},
  month = nov,
  volume = {321},
  pages = {113032},
  issn = {0014-4886},
  doi = {10.1016/j.expneurol.2019.113032},
  url = {http://www.sciencedirect.com/science/article/pii/S0014488619301815},
  urldate = {2019-09-20},
  journal = {Experimental Neurology},
  keywords = {Cell transplant,Chondroitinase ABC,Combination therapies,First year report,Gene therapy,Molecular scaffolds,Neurodegeneration,Peripheral nerve injury,Spinal cord injury}
}

@article{neuroscienceCorrectionZhangRNASequencing2015,
  title = {Correction: {{Zhang}} et al., {{An RNA}}-{{Sequencing Transcriptome}} and {{Splicing Database}} of {{Glia}}, {{Neurons}}, and {{Vascular Cells}} of the {{Cerebral Cortex}}},
  shorttitle = {Correction},
  author = {for Neuroscience, Society},
  year = {2015},
  month = jan,
  volume = {35},
  pages = {864--866},
  publisher = {{Society for Neuroscience}},
  issn = {0270-6474, 1529-2401},
  doi = {10.1523/JNEUROSCI.4506-14.2015},
  url = {https://www.jneurosci.org/content/35/2/864},
  urldate = {2020-03-30},
  chapter = {Correction},
  journal = {Journal of Neuroscience},
  language = {en},
  number = {2}
}

@article{nieuwenhuisARF6Rab11Intrinsic2018,
  title = {{{ARF6}} and {{Rab11}} as Intrinsic Regulators of Axon Regeneration},
  author = {Nieuwenhuis, Bart and Eva, Richard},
  year = {2018},
  month = may,
  volume = {0},
  pages = {1--10},
  issn = {2154-1248},
  doi = {10.1080/21541248.2018.1457914},
  url = {https://doi.org/10.1080/21541248.2018.1457914},
  urldate = {2019-01-09},
  journal = {Small GTPases},
  keywords = {ARF6,axon regeneration,axon transport,integrins,polarised transport,Rab11,Search: initial,spinal cord injury},
  number = {0},
  pmid = {29772958}
}

@article{nieuwenhuisIntegrinsPromoteAxonal2018,
  title = {Integrins Promote Axonal Regeneration after Injury of the Nervous System},
  author = {Nieuwenhuis, Bart and Haenzi, Barbara and Andrews, Melissa R. and Verhaagen, Joost and Fawcett, James W.},
  year = {2018},
  volume = {93},
  pages = {1339--1362},
  issn = {1469-185X},
  doi = {10.1111/brv.12398},
  url = {https://onlinelibrary.wiley.com/doi/abs/10.1111/brv.12398},
  urldate = {2019-01-09},
  copyright = {\textcopyright{} 2018 The Authors. Biological Reviews published by John Wiley \& Sons Ltd on behalf of Cambridge Philosophical Society.},
  journal = {Biological Reviews},
  keywords = {axon regeneration,integrin,kindlin,receptor activation state,Search: initial,selective polarised transport,traumatic injury of the nervous system},
  language = {en},
  number = {3}
}

@article{nieuwenhuisLinkingAxonTransport2018,
  title = {Linking Axon Transport to Regeneration Using in Vitro Laser Axotomy},
  author = {Nieuwenhuis, Bart and Eva, Richard},
  year = {2018},
  month = mar,
  volume = {13},
  pages = {410--412},
  issn = {1673-5374},
  doi = {10.4103/1673-5374.228716},
  journal = {Neural Regeneration Research},
  keywords = {Search: initial},
  language = {eng},
  number = {3},
  pmcid = {PMC5900496},
  pmid = {29623918}
}

@article{niwaBORCRegulatesAxonal2017,
  title = {{{BORC Regulates}} the {{Axonal Transport}} of {{Synaptic Vesicle Precursors}} by {{Activating ARL}}-8},
  author = {Niwa, Shinsuke and Tao, Li and Lu, Sharon Y. and Liew, Gerald M. and Feng, Wei and Nachury, Maxence V. and Shen, Kang},
  year = {2017},
  month = sep,
  volume = {27},
  pages = {2569-2578.e4},
  issn = {0960-9822},
  doi = {10.1016/j.cub.2017.07.013},
  url = {http://www.sciencedirect.com/science/article/pii/S0960982217308710},
  urldate = {2019-01-25},
  journal = {Current Biology},
  keywords = {ARL-8,axonal transport,BORC,KIF1A,Search: Richard,synapse,synaptic vesicles,UNC-104},
  number = {17}
}

@article{omuraRobustAxonalRegeneration2015,
  title = {Robust {{Axonal Regeneration Occurs}} in the {{Injured CAST}}/{{Ei Mouse CNS}}},
  author = {Omura, Takao and Omura, Kumiko and Tedeschi, Andrea and Riva, Priscilla and Painter, Michio W. and Rojas, Leticia and Martin, Joshua and Lisi, V{\'e}ronique and Huebner, Eric A. and Latremoliere, Alban and Yin, Yuqin and Barrett, Lee B. and Singh, Bhagat and Lee, Stella and Crisman, Thomas J. and Gao, Fuying and Li, Songlin and Kapur, Kush and Geschwind, Daniel H. and Kosik, Kenneth S. and Coppola, Giovanni and He, Zhigang and Carmichael, S. Thomas and Benowitz, Larry I. and Costigan, Michael and Woolf, Clifford J.},
  year = {2015},
  month = jun,
  volume = {86},
  pages = {1215--1227},
  issn = {0896-6273},
  doi = {10.1016/j.neuron.2015.05.005},
  url = {http://www.sciencedirect.com/science/article/pii/S0896627315004122},
  urldate = {2019-05-31},
  journal = {Neuron},
  keywords = {Search: 15},
  number = {5}
}

@article{osborneNeuroprotectionRetinalGanglion2018,
  title = {Neuroprotection of Retinal Ganglion Cells by a Novel Gene Therapy Construct That Achieves Sustained Enhancement of Brain-Derived Neurotrophic Factor/Tropomyosin-Related Kinase Receptor-{{B}} Signaling},
  author = {Osborne, Andrew and Khatib, Tasneem Z. and Songra, Lalana and Barber, Amanda C. and Hall, Katie and Kong, George Y. X. and Widdowson, Peter S. and Martin, Keith R.},
  year = {2018},
  month = sep,
  volume = {9},
  pages = {1007},
  issn = {2041-4889},
  doi = {10.1038/s41419-018-1041-8},
  url = {https://www.nature.com/articles/s41419-018-1041-8},
  urldate = {2018-12-31},
  copyright = {2018 The Author(s)},
  journal = {Cell Death \& Disease},
  keywords = {Search: initial},
  language = {En},
  number = {10}
}

@article{pankivFYCO1LinkingAutophagosomes2010,
  title = {{{FYCO1}}: {{Linking}} Autophagosomes to Microtubule plus End-Directing Molecular Motors},
  shorttitle = {{{FYCO1}}},
  author = {Pankiv, Serhiy and Johansen, Terje},
  year = {2010},
  month = may,
  volume = {6},
  pages = {550--552},
  publisher = {{Taylor \& Francis}},
  issn = {1554-8627},
  doi = {10.4161/auto.6.4.11670},
  url = {https://doi.org/10.4161/auto.6.4.11670},
  urldate = {2020-04-30},
  journal = {Autophagy},
  number = {4},
  pmid = {20364109}
}

@article{pankivFYCO1Rab7Effector2010,
  title = {{{FYCO1}} Is a {{Rab7}} Effector That Binds to {{LC3}} and {{PI3P}} to Mediate Microtubule plus End\textendash Directed Vesicle Transport},
  author = {Pankiv, Serhiy and Alemu, Endalkachew A. and Brech, Andreas and Bruun, Jack-Ansgar and Lamark, Trond and {\O}vervatn, Aud and Bj{\o}rk{\o}y, Geir and Johansen, Terje},
  year = {2010},
  month = jan,
  volume = {188},
  pages = {253--269},
  issn = {0021-9525, 1540-8140},
  doi = {10.1083/jcb.200907015},
  url = {http://jcb.rupress.org/content/188/2/253},
  urldate = {2019-09-02},
  copyright = {\textcopyright{} 2010 Pankiv et al.. This article is distributed under the terms of an Attribution\textendash Noncommercial\textendash Share Alike\textendash No Mirror Sites license for the first six months after the publication date (see http://www.jcb.org/misc/terms.shtml). After six months it is available under a Creative Commons License (Attribution\textendash Noncommercial\textendash Share Alike 3.0 Unported license, as described at http://creativecommons.org/licenses/by-nc-sa/3.0/).},
  journal = {The Journal of Cell Biology},
  keywords = {Autophagy,Binding Sites,Biological Transport; Active,DNA-Binding Proteins,HeLa Cells,Humans,Microtubule-Associated Proteins,Microtubules,Phosphatidylinositol Phosphates,Protein Binding,Protein Structure; Tertiary,rab GTP-Binding Proteins,Transcription Factors,Transport Vesicles},
  language = {en},
  number = {2},
  pmid = {20100911}
}

@article{parkPromotingAxonRegeneration2008,
  title = {Promoting {{Axon Regeneration}} in the {{Adult CNS}} by {{Modulation}} of the {{PTEN}}/{{mTOR Pathway}}},
  author = {Park, Kevin Kyungsuk and Liu, Kai and Hu, Yang and Smith, Patrice D. and Wang, Chen and Cai, Bin and Xu, Bengang and Connolly, Lauren and Kramvis, Ioannis and Sahin, Mustafa and He, Zhigang},
  year = {2008},
  month = nov,
  volume = {322},
  pages = {963--966},
  issn = {0036-8075, 1095-9203},
  doi = {10.1126/science.1161566},
  url = {https://science.sciencemag.org/content/322/5903/963},
  urldate = {2019-09-26},
  copyright = {American Association for the Advancement of Science},
  journal = {Science},
  keywords = {First year report},
  language = {en},
  number = {5903},
  pmid = {18988856}
}

@article{parkPTENMTORAxon2010,
  title = {{{PTEN}}/{{mTOR}} and Axon Regeneration},
  author = {Park, Kevin K. and Liu, Kai and Hu, Yang and Kanter, Jennifer L. and He, Zhigang},
  year = {2010},
  month = may,
  volume = {223},
  pages = {45--50},
  issn = {0014-4886},
  doi = {10.1016/j.expneurol.2009.12.032},
  url = {http://www.sciencedirect.com/science/article/pii/S0014488610000038},
  urldate = {2019-09-26},
  journal = {Experimental Neurology},
  keywords = {axon,CNS,mTOR,PNS,Pten,regeneration},
  number = {1},
  series = {Regeneration in the {{Peripheral Nervous System}}}
}

@article{pavezSTIM1RequiredRemodelling2019,
  title = {{{STIM1}} Is Required for Remodelling of the Endoplasmic Reticulum and Microtubule Cytoskeleton in Steering Growth Cones},
  author = {Pavez, Macarena and Thompson, Adrian C. and Arnott, Hayden J. and Mitchell, Camilla B. and D'Atri, Ilaria and Don, Emily K. and Chilton, John K. and Scott, Ethan K. and Lin, John Y. and Young, Kaylene M. and Gasperini, Robert J. and Foa, Lisa},
  year = {2019},
  month = apr,
  pages = {2496--18},
  issn = {0270-6474, 1529-2401},
  doi = {10.1523/JNEUROSCI.2496-18.2019},
  url = {http://www.jneurosci.org/content/early/2019/04/25/JNEUROSCI.2496-18.2019},
  urldate = {2019-05-01},
  copyright = {Copyright \textcopyright{} 2019 the authors},
  journal = {Journal of Neuroscience},
  language = {en},
  pmid = {31023836}
}

@article{pearceCurvatureSensitiveKinesinBinding2018,
  title = {Curvature-{{Sensitive Kinesin Binding Can Explain Microtubule Ring Formation}} and {{Reveals Chaotic Dynamics}} in a {{Mathematical Model}}},
  author = {Pearce, Simon P. and Heil, Matthias and Jensen, Oliver E. and Jones, Gareth Wyn and Prokop, Andreas},
  year = {2018},
  month = nov,
  volume = {80},
  pages = {3002--3022},
  issn = {1522-9602},
  doi = {10.1007/s11538-018-0505-4},
  url = {https://doi.org/10.1007/s11538-018-0505-4},
  urldate = {2018-10-11},
  journal = {Bulletin of Mathematical Biology},
  keywords = {Gliding assays,Kinesin,Microtubule rings,Neurodegeneration,Search: initial},
  language = {en},
  number = {11}
}

@article{perdigotoNovelRolePTEN2011,
  title = {A Novel Role for {{PTEN}} in the Inhibition of Neurite Outgrowth by {{Myelin}}-Associated Glycoprotein in Cortical Neurons},
  author = {Perdigoto, Ana Luisa and Chaudhry, Nagarathnamma and Barnes, Gregory N. and Filbin, Marie T. and Carter, Bruce D.},
  year = {2011},
  month = jan,
  volume = {46},
  pages = {235--244},
  issn = {1044-7431},
  doi = {10.1016/j.mcn.2010.09.006},
  url = {http://www.ncbi.nlm.nih.gov/pmc/articles/PMC3018674/},
  urldate = {2012-08-15},
  journal = {Molecular and cellular neurosciences},
  keywords = {_tablet},
  number = {1},
  pmcid = {PMC3018674},
  pmid = {20869442}
}

@article{petrovaProtrudinFunctionsScaffold2020,
  title = {Protrudin Functions as a Scaffold in the Endoplasmic Reticulum to Support Axon Regeneration in the Adult Central Nervous System},
  author = {Petrova, Veselina and Pearson, Craig S. and Tribble, James R. and Solano, Andrea G. and Reid, Evan and Williams, Pete A. and Geller, Herbert M. and Eva, Richard and Fawcett, James W.},
  year = {2020},
  month = mar,
  pages = {2020.01.15.907550},
  publisher = {{Cold Spring Harbor Laboratory}},
  doi = {10.1101/2020.01.15.907550},
  url = {https://www.biorxiv.org/content/10.1101/2020.01.15.907550v2},
  urldate = {2020-04-21},
  chapter = {New Results},
  copyright = {\textcopyright{} 2020, Posted by Cold Spring Harbor Laboratory. The copyright holder for this pre-print is the author. All rights reserved. The material may not be redistributed, re-used or adapted without the author's permission.},
  journal = {bioRxiv},
  language = {en}
}

@article{petrovaVirtuousCycleAxon2018,
  title = {The {{Virtuous Cycle}} of {{Axon Growth}}: {{Axonal Transport}} of {{Growth}}-{{Promoting Machinery}} as an {{Intrinsic Determinant}} of {{Axon Regeneration}}},
  shorttitle = {The {{Virtuous Cycle}} of {{Axon Growth}}},
  author = {Petrova, Veselina and Eva, Richard},
  year = {2018},
  volume = {78},
  pages = {898--925},
  issn = {1932-846X},
  doi = {10.1002/dneu.22608},
  url = {https://www.onlinelibrary.wiley.com/doi/abs/10.1002/dneu.22608},
  urldate = {2019-01-09},
  journal = {Developmental Neurobiology},
  keywords = {axon regeneration,axon transport,CNS development,First year report,integrin,neuronal membrane trafficking,Search: initial},
  language = {en},
  number = {10}
}

@article{poulopoulosSubcellularTranscriptomesProteomes2019,
  title = {Subcellular Transcriptomes and Proteomes of Developing Axon Projections in the Cerebral Cortex},
  author = {Poulopoulos, Alexandros and Murphy, Alexander J. and Ozkan, Abdulkadir and Davis, Patrick and Hatch, John and Kirchner, Rory and Macklis, Jeffrey D.},
  year = {2019},
  month = jan,
  volume = {565},
  pages = {356--360},
  issn = {1476-4687},
  doi = {10.1038/s41586-018-0847-y},
  url = {https://www.nature.com/articles/s41586-018-0847-y},
  urldate = {2019-09-20},
  copyright = {2019 Springer Nature Limited},
  journal = {Nature},
  keywords = {First year report},
  language = {en},
  number = {7739}
}

@article{puBORCMultisubunitComplex2015,
  title = {{{BORC}}, a {{Multisubunit Complex}} That {{Regulates Lysosome Positioning}}},
  author = {Pu, Jing and Schindler, Christina and Jia, Rui and Jarnik, Michal and Backlund, Peter and Bonifacino, Juan S.},
  year = {2015},
  month = apr,
  volume = {33},
  pages = {176--188},
  issn = {1534-5807},
  doi = {10.1016/j.devcel.2015.02.011},
  url = {http://www.sciencedirect.com/science/article/pii/S1534580715001136},
  urldate = {2019-01-25},
  journal = {Developmental Cell},
  keywords = {First year report,Search: Richard},
  number = {2}
}

@article{puttaguntaPCAFdependentEpigeneticChanges2014,
  title = {{{PCAF}}-Dependent Epigenetic Changes Promote Axonal Regeneration in the Central Nervous System},
  author = {Puttagunta, Radhika and Tedeschi, Andrea and S{\'o}ria, Marilia Grando and Hervera, Arnau and Lindner, Ricco and Rathore, Khizr I. and Gaub, Perrine and Joshi, Yashashree and Nguyen, Tuan and Schmandke, Antonio and Laskowski, Claudia J. and Boutillier, Anne-Laurence and Bradke, Frank and Giovanni, Simone Di},
  year = {2014},
  month = apr,
  volume = {5},
  pages = {1--13},
  issn = {2041-1723},
  doi = {10.1038/ncomms4527},
  url = {https://www.nature.com/articles/ncomms4527},
  urldate = {2019-09-26},
  copyright = {2014 Nature Publishing Group, a division of Macmillan Publishers Limited. All Rights Reserved.},
  journal = {Nature Communications},
  keywords = {First year report},
  language = {en},
  number = {1}
}

@article{qiangTauDoesNot2018,
  title = {Tau {{Does Not Stabilize Axonal Microtubules}} but {{Rather Enables Them}} to {{Have Long Labile Domains}}},
  author = {Qiang, Liang and Sun, Xiaohuan and Austin, Timothy O. and Muralidharan, Hemalatha and Jean, Daphney C. and Liu, Mei and Yu, Wenqian and Baas, Peter W.},
  year = {2018},
  month = jul,
  volume = {28},
  pages = {2181-2189.e4},
  issn = {0960-9822},
  doi = {10.1016/j.cub.2018.05.045},
  url = {https://www.cell.com/current-biology/abstract/S0960-9822(18)30681-X},
  urldate = {2019-05-16},
  journal = {Current Biology},
  language = {English},
  number = {13},
  pmid = {30008334}
}

@article{quEfa6ProtectsAxons2019,
  title = {Efa6 Protects Axons and Regulates Their Growth and Branching by Inhibiting 2 Microtubule Polymerisation at the Cortex},
  author = {Qu, Yue and Hahn, Ines and Parkin, Jill and Voelzmann, Andr{\'e} and Dorey, Karel and Rathbone, Alex and Friel, Claire and Allan, Victoria and {Okenve-Ramos}, Pilar and {Sanchez-Soriano}, Natalia and Prokop, Andreas},
  year = {2019},
  doi = {10.7554/eLife.50319},
  journal = {eLife}
}

@article{quEfa6RegulatesAxon2018,
  title = {Efa6 Regulates Axon Growth, Branching and Maintenance by Eliminating off-Track Microtubules at the Cortex},
  author = {Qu, Yue and Hahn, Ines and Lees, Meredith and Parkin, Jill and Voelzmann, Andr{\'e} and Dorey, Karel and Rathbone, Alex and Friel, Claire and Allan, Victoria and Ramos, Pilar Okenve and {Sanchez-Soriano}, Natalia and Prokop, Andreas},
  year = {2018},
  month = aug,
  url = {https://www.research.manchester.ac.uk/portal/en/publications/efa6-regulates-axon-growth-branching-and-maintenance-by-eliminating-offtrack-microtubules-at-the-cortex(a562507f-cc4f-4381-97b8-932fafc38c55).html},
  urldate = {2018-10-11},
  journal = {bioRxiv},
  keywords = {Search: initial},
  language = {English}
}

@article{quPeriodicActinStructures2017,
  title = {Periodic Actin Structures in Neuronal Axons Are Required to Maintain Microtubules},
  author = {Qu, Yue and Hahn, Ines and Webb, Stephen E.D. and Pearce, Simon P. and Prokop, Andreas},
  year = {2017},
  month = jan,
  volume = {28},
  pages = {296--308},
  issn = {1059-1524},
  doi = {10.1091/mbc.E16-10-0727},
  url = {https://www.ncbi.nlm.nih.gov/pmc/articles/PMC5231898/},
  urldate = {2018-10-11},
  journal = {Molecular Biology of the Cell},
  keywords = {Search: initial},
  number = {2},
  pmcid = {PMC5231898},
  pmid = {27881663}
}

@article{raiborgEREndosomeContact2016,
  title = {{{ER}}\textendash Endosome Contact Sites in Endosome Positioning and Protrusion Outgrowth},
  author = {Raiborg, Camilla and Wenzel, Eva M. and Pedersen, Nina M. and Stenmark, Harald},
  year = {2016},
  month = apr,
  volume = {44},
  pages = {441--446},
  issn = {0300-5127, 1470-8752},
  doi = {10.1042/BST20150246},
  url = {http://www.biochemsoctrans.org/content/44/2/441},
  urldate = {2019-10-04},
  copyright = {\textcopyright{} 2016 Authors; published by Portland Press Limited},
  journal = {Biochemical Society Transactions},
  language = {en},
  number = {2},
  pmid = {27068952}
}

@article{raiborgRepeatedEREndosome2015,
  title = {Repeated {{ER}}\textendash Endosome Contacts Promote Endosome Translocation and Neurite Outgrowth},
  author = {Raiborg, Camilla and Wenzel, Eva M. and Pedersen, Nina M. and Olsvik, Hallvard and Schink, Kay O. and Schultz, Sebastian W. and Vietri, Marina and Nisi, Veronica and Bucci, Cecilia and Brech, Andreas and Johansen, Terje and Stenmark, Harald},
  year = {2015},
  month = apr,
  volume = {520},
  pages = {234--238},
  issn = {1476-4687},
  doi = {10.1038/nature14359},
  url = {https://www.nature.com/articles/nature14359},
  urldate = {2019-09-20},
  copyright = {2015 Nature Publishing Group},
  journal = {Nature},
  keywords = {First year report},
  language = {en},
  number = {7546}
}

@article{rheaumeSingleCellTranscriptome2018,
  title = {Single Cell Transcriptome Profiling of Retinal Ganglion Cells Identifies Cellular Subtypes},
  author = {Rheaume, Bruce A. and Jereen, Amyeo and Bolisetty, Mohan and Sajid, Muhammad S. and Yang, Yue and Renna, Kathleen and Sun, Lili and Robson, Paul and Trakhtenberg, Ephraim F.},
  year = {2018},
  month = jul,
  volume = {9},
  pages = {2759},
  issn = {2041-1723},
  doi = {10.1038/s41467-018-05134-3},
  url = {https://www.nature.com/articles/s41467-018-05134-3},
  urldate = {2019-01-23},
  copyright = {2018 The Author(s)},
  journal = {Nature Communications},
  keywords = {Search: 2},
  language = {En},
  number = {1}
}

@article{richardsonAxonsCNSNeurones1980,
  title = {Axons from {{CNS}} Neurones Regenerate into {{PNS}} Grafts},
  author = {Richardson, P. M. and McGuinness, U. M. and Aguayo, A. J.},
  year = {1980},
  month = mar,
  volume = {284},
  pages = {264--265},
  issn = {1476-4687},
  doi = {10.1038/284264a0},
  url = {https://www.nature.com/articles/284264a0},
  urldate = {2019-09-20},
  copyright = {1980 Nature Publishing Group},
  journal = {Nature},
  keywords = {First year report},
  language = {en},
  number = {5753}
}

@article{rizoSynapticVesicleFusion2008,
  title = {Synaptic Vesicle Fusion},
  author = {Rizo, Josep and Rosenmund, Christian},
  year = {2008},
  month = jul,
  volume = {15},
  pages = {665--674},
  issn = {1545-9985},
  journal = {Nature Structural \& Molecular Biology},
  keywords = {Animals,Membrane Fusion,Munc18 Proteins,Nerve Tissue Proteins,Search: 4,SNARE Proteins,Synaptic Vesicles,Synaptotagmin I},
  language = {eng},
  number = {7},
  pmcid = {PMC2519048},
  pmid = {18618940}
}

@article{rosa-ferreiraArl8SKIPAct2011,
  title = {Arl8 and {{SKIP Act Together}} to {{Link Lysosomes}} to {{Kinesin}}-1},
  author = {{Rosa-Ferreira}, Cl{\'a}udia and Munro, Sean},
  year = {2011},
  month = dec,
  volume = {21},
  pages = {1171--1178},
  issn = {1534-5807},
  doi = {10.1016/j.devcel.2011.10.007},
  url = {http://www.sciencedirect.com/science/article/pii/S1534580711004540},
  urldate = {2019-01-09},
  journal = {Developmental Cell},
  keywords = {First year report,Search: Richard},
  number = {6}
}

@article{rosa-ferreiraSmallProteinArl82018,
  title = {The Small {{G}} Protein {{Arl8}} Contributes to Lysosomal Function and Long-Range Axonal Transport in {{Drosophila}}},
  author = {{Rosa-Ferreira}, Cl{\'a}udia and Sweeney, Sean T. and Munro, Sean},
  year = {2018},
  month = sep,
  volume = {7},
  pages = {bio035964},
  issn = {2046-6390},
  doi = {10.1242/bio.035964},
  url = {http://bio.biologists.org/content/7/9/bio035964},
  urldate = {2019-01-09},
  copyright = {\textcopyright{} 2018. Published by The Company of Biologists Ltd. http://creativecommons.org/licenses/by/3.0This is an Open Access article distributed under the terms of the Creative Commons Attribution License (http://creativecommons.org/licenses/by/3.0), which permits unrestricted use, distribution and reproduction in any medium provided that the original work is properly attributed.},
  journal = {Biology Open},
  keywords = {Search: Richard},
  language = {en},
  number = {9},
  pmid = {30115618}
}

@article{ruedenImageJ2ImageJNext2017,
  title = {{{ImageJ2}}: {{ImageJ}} for the next Generation of Scientific Image Data},
  shorttitle = {{{ImageJ2}}},
  author = {Rueden, Curtis T. and Schindelin, Johannes and Hiner, Mark C. and DeZonia, Barry E. and Walter, Alison E. and Arena, Ellen T. and Eliceiri, Kevin W.},
  year = {2017},
  month = nov,
  volume = {18},
  pages = {529},
  issn = {1471-2105},
  doi = {10.1186/s12859-017-1934-z},
  url = {https://doi.org/10.1186/s12859-017-1934-z},
  urldate = {2019-09-12},
  journal = {BMC Bioinformatics},
  number = {1}
}

@article{sainathChondroitinSulfateProteoglycans2017,
  title = {Chondroitin Sulfate Proteoglycans Negatively Regulate the Positioning of Mitochondria and Endoplasmic Reticulum to Distal Axons},
  author = {Sainath, Rajiv and Armijo-Weingart, Lorena and Ketscheck, Andrea and Xu, Zhuxuan and Li, Shuxin and Gallo, Gianluca},
  year = {2017},
  volume = {77},
  pages = {1351--1370},
  issn = {1932-846X},
  doi = {10.1002/dneu.22535},
  url = {https://onlinelibrary.wiley.com/doi/abs/10.1002/dneu.22535},
  urldate = {2020-01-13},
  copyright = {\textcopyright{} 2017 Wiley Periodicals, Inc.},
  journal = {Developmental Neurobiology},
  keywords = {axon,dynactin,dynein,growth cone,mitochondria},
  language = {en},
  number = {12}
}

@article{sakagamiDistinctSynapticLocalization2013,
  title = {Distinct Synaptic Localization Patterns of Brefeldin {{A}}-resistant Guanine Nucleotide Exchange Factors {{BRAG2}} and {{BRAG3}} in the Mouse Retina},
  author = {Sakagami, Hiroyuki and Katsumata, Osamu and Hara, Yoshinobu and Tamaki, Hideaki and Watanabe, Masahiko and Harvey, Robert J. and Fukaya, Masahiro},
  year = {2013},
  month = mar,
  volume = {521},
  pages = {860--876},
  issn = {1096-9861},
  doi = {10.1002/cne.23206},
  url = {https://onlinelibrary.wiley.com/doi/abs/10.1002/cne.23206},
  urldate = {2019-03-11},
  journal = {Journal of Comparative Neurology},
  keywords = {Search: 13},
  language = {en},
  number = {4}
}

@article{sakuraiCrystalStructureMouse2017,
  title = {The Crystal Structure of Mouse {{LC3B}} in Complex with the {{FYCO1 LIR}} Reveals the Importance of the Flanking Region of the {{LIR}} Motif},
  author = {Sakurai, Shunya and Tomita, Taisuke and Shimizu, Toshiyuki and Ohto, Umeharu},
  year = {2017},
  month = mar,
  volume = {73},
  pages = {130--137},
  issn = {2053-230X},
  doi = {10.1107/S2053230X17001911},
  journal = {Acta Crystallographica. Section F, Structural Biology Communications},
  keywords = {Amino Acid Sequence,Animals,autophagy,Binding Sites,Cloning; Molecular,Crystallography; X-Ray,Escherichia coli,FYCO1,Gene Expression,LC3,LC3-interacting region (LIR) motif,Mice,Microtubule-Associated Proteins,Models; Molecular,Plasmids,Protein Binding,Protein Conformation; alpha-Helical,Protein Conformation; beta-Strand,Protein Interaction Domains and Motifs,Recombinant Proteins,Sequence Alignment,Sequence Homology; Amino Acid,Transcription Factors,Zinc Fingers},
  language = {eng},
  number = {Pt 3},
  pmcid = {PMC5349306},
  pmid = {28291748}
}

@article{sakuraiPhosphatidylinositol4phosphate5KinaseGEP1002011,
  title = {Phosphatidylinositol-4-Phosphate 5-{{Kinase}} and {{GEP100}}/{{Brag2 Protein Mediate Antiangiogenic Signaling}} by {{Semaphorin 3E}}-{{Plexin}}-{{D1}} through {{Arf6 Protein}}},
  author = {Sakurai, Atsuko and Jian, Xiaoying and Lee, Charity J. and Manavski, Yosif and Chavakis, Emmanouil and Donaldson, Julie and Randazzo, Paul A. and Gutkind, J. Silvio},
  year = {2011},
  month = sep,
  volume = {286},
  pages = {34335--34345},
  issn = {0021-9258, 1083-351X},
  doi = {10.1074/jbc.M111.259499},
  url = {http://www.jbc.org/content/286/39/34335},
  urldate = {2019-03-11},
  journal = {Journal of Biological Chemistry},
  keywords = {Antiangiogenesis,Arf6,Cell Adhesion,Cell Motility,Endothelium,Integrin,Search: 13,Semaphorin},
  language = {en},
  number = {39},
  pmid = {21795701}
}

@article{sanchez-migallonNerveFibreLayer2018,
  title = {Nerve Fibre Layer Degeneration and Retinal Ganglion Cell Loss Long Term after Optic Nerve Crush or Transection in Adult Mice},
  author = {{S{\'a}nchez-Migall{\'o}n}, M. C. and {Valiente-Soriano}, F. J. and {Salinas-Navarro}, M. and {Nadal-Nicol{\'a}s}, F. M. and {Jim{\'e}nez-L{\'o}pez}, M. and {Vidal-Sanz}, M. and {Agudo-Barriuso}, M.},
  year = {2018},
  month = may,
  volume = {170},
  pages = {40--50},
  issn = {0014-4835},
  doi = {10.1016/j.exer.2018.02.010},
  url = {http://www.sciencedirect.com/science/article/pii/S001448351730619X},
  urldate = {2019-02-11},
  journal = {Experimental Eye Research},
  keywords = {Adult albino mice,Antibodies antineurofilaments,Axotomy,Brn3a,Nerve fiber layer,Optic nerve crush,Optic nerve transection,Retinal nerve fiber layer,Retinal neurodegeneration,Retrograde axonal degeneration,Search: 10}
}

@article{sardielloGeneNetworkRegulating2009,
  title = {A {{Gene Network Regulating Lysosomal Biogenesis}} and {{Function}}},
  author = {Sardiello, Marco and Palmieri, Michela and di Ronza, Alberto and Medina, Diego Luis and Valenza, Marta and Gennarino, Vincenzo Alessandro and Malta, Chiara Di and Donaudy, Francesca and Embrione, Valerio and Polishchuk, Roman S. and Banfi, Sandro and Parenti, Giancarlo and Cattaneo, Elena and Ballabio, Andrea},
  year = {2009},
  month = jul,
  volume = {325},
  pages = {473--477},
  issn = {0036-8075, 1095-9203},
  doi = {10.1126/science.1174447},
  url = {https://science.sciencemag.org/content/325/5939/473},
  urldate = {2019-10-02},
  copyright = {Copyright \textcopyright{} 2009, American Association for the Advancement of Science},
  journal = {Science},
  language = {en},
  number = {5939},
  pmid = {19556463}
}

@article{saridakiFYCO1MediatesClearance2018,
  title = {{{FYCO1}} Mediates Clearance of {$\alpha$}-Synuclein Aggregates through a {{Rab7}}-Dependent Mechanism},
  author = {Saridaki, Theodora and Nippold, Markus and Dinter, Elisabeth and Roos, Andreas and Diederichs, Leonie and Fensky, Luisa and Schulz, J{\"o}rg B. and Falkenburger, Bj{\"o}rn H.},
  year = {2018},
  volume = {146},
  pages = {474--492},
  issn = {1471-4159},
  doi = {10.1111/jnc.14461},
  url = {https://onlinelibrary.wiley.com/doi/abs/10.1111/jnc.14461},
  urldate = {2019-09-20},
  copyright = {\textcopyright{} 2018 International Society for Neurochemistry},
  journal = {Journal of Neurochemistry},
  keywords = {autophagy,First year report,Parkinson's disease,secretory autophagy,spread of aggregates,synuclein},
  language = {en},
  number = {4}
}

@article{schindelinFijiOpensourcePlatform2012,
  title = {Fiji: An Open-Source Platform for Biological-Image Analysis},
  shorttitle = {Fiji},
  author = {Schindelin, Johannes and {Arganda-Carreras}, Ignacio and Frise, Erwin and Kaynig, Verena and Longair, Mark and Pietzsch, Tobias and Preibisch, Stephan and Rueden, Curtis and Saalfeld, Stephan and Schmid, Benjamin and Tinevez, Jean-Yves and White, Daniel James and Hartenstein, Volker and Eliceiri, Kevin and Tomancak, Pavel and Cardona, Albert},
  year = {2012},
  month = jul,
  volume = {9},
  pages = {676--682},
  issn = {1548-7105},
  doi = {10.1038/nmeth.2019},
  url = {https://www.nature.com/articles/nmeth.2019},
  urldate = {2019-09-12},
  copyright = {2012 Nature Publishing Group},
  journal = {Nature Methods},
  language = {en},
  number = {7}
}

@article{shahRoleAxonTransport2018,
  title = {The {{Role}} of {{Axon Transport}} in {{Neuroprotection}} and {{Regeneration}}},
  author = {Shah, Sahil H. and Goldberg, Jeffrey L.},
  year = {2018},
  volume = {78},
  pages = {998--1010},
  issn = {1932-846X},
  doi = {10.1002/dneu.22630},
  url = {https://onlinelibrary.wiley.com/doi/abs/10.1002/dneu.22630},
  urldate = {2019-01-28},
  copyright = {\textcopyright{} 2018 Wiley Periodicals, Inc.},
  journal = {Developmental Neurobiology},
  keywords = {axon transport,CNS regeneration,glaucoma,neuroprotection,optic nerve,Search: Keith},
  language = {en},
  number = {10}
}

@article{sheehanCoordinationSynapticVesicle2019,
  title = {Coordination of Synaptic Vesicle Trafficking and Turnover by the {{Rab35}} Signaling Network},
  author = {Sheehan, Patricia and Waites, Clarissa L.},
  year = {2019},
  month = jan,
  volume = {10},
  pages = {54--63},
  issn = {2154-1248},
  doi = {10.1080/21541248.2016.1270392},
  url = {https://doi.org/10.1080/21541248.2016.1270392},
  urldate = {2019-02-08},
  journal = {Small GTPases},
  keywords = {Arf6,ESCRT,Hrs,Rab35,Search: 9,Skywalker/TBC1D24,synaptic vesicle},
  number = {1},
  pmid = {28129039}
}

@article{shewanExtensiveRegenerationVitro1995,
  title = {Extensive Regeneration in Vitro by Early Embryonic Neurons on Immature and Adult {{CNS}} Tissue},
  author = {Shewan, D. and Berry, M. and Cohen, J.},
  year = {1995},
  month = mar,
  volume = {15},
  pages = {2057--2062},
  issn = {0270-6474, 1529-2401},
  doi = {10.1523/JNEUROSCI.15-03-02057.1995},
  url = {https://www.jneurosci.org/content/15/3/2057},
  urldate = {2019-09-20},
  copyright = {\textcopyright{} 1995 by Society for Neuroscience},
  journal = {Journal of Neuroscience},
  keywords = {First year report},
  language = {en},
  number = {3},
  pmid = {7891152}
}

@article{shiCouplingMicrotubuleMotors2018,
  title = {Coupling of Microtubule Motors with {{AP}}-3 Generated Organelles in Axons by {{NEEP21}} Family Member Calcyon},
  author = {Shi, Liang and Hines, Timothy and Bergson, Clare and Smith, Deanna and Gruenberg, Jean E.},
  year = {2018},
  month = jun,
  volume = {29},
  pages = {2055--2068},
  issn = {1059-1524},
  doi = {10.1091/mbc.E18-01-0007},
  url = {https://www.molbiolcell.org/doi/full/10.1091/mbc.E18-01-0007},
  urldate = {2019-01-09},
  journal = {Molecular Biology of the Cell},
  keywords = {First year report,Search: Richard},
  number = {17}
}

@article{shiDyneinBindsStimulates2017,
  title = {Dynein Binds and Stimulates Axonal Motility of the Endosome Adaptor and {{NEEP21}} Family Member, Calcyon},
  author = {Shi, Liang and Muthusamy, Nagendran and Smith, Deanna and Bergson, Clare},
  year = {2017},
  month = sep,
  volume = {90},
  pages = {93--102},
  issn = {1357-2725},
  doi = {10.1016/j.biocel.2017.07.005},
  url = {http://www.sciencedirect.com/science/article/pii/S1357272517301681},
  urldate = {2019-01-09},
  journal = {The International Journal of Biochemistry \& Cell Biology},
  keywords = {Adaptor protein,AP-1,AP-2,AP-3,Brain,Clathrin,Endocytosis,First year report,Lysosome,Schizophrenia,Search: Richard,Tubulin}
}

@article{shigeokaOnSiteRibosomeRemodeling2019,
  title = {On-{{Site Ribosome Remodeling}} by {{Locally Synthesized Ribosomal Proteins}} in {{Axons}}},
  author = {Shigeoka, Toshiaki and Koppers, Max and Wong, Hovy Ho-Wai and Lin, Julie Qiaojin and Cagnetta, Roberta and Dwivedy, Asha and {de Freitas Nascimento}, Janaina and {van Tartwijk}, Francesca W. and Str{\"o}hl, Florian and Cioni, Jean-Michel and Schaeffer, Julia and Carrington, Mark and Kaminski, Clemens F. and Jung, Hosung and Harris, William A. and Holt, Christine E.},
  year = {2019},
  month = dec,
  volume = {29},
  pages = {3605-3619.e10},
  issn = {2211-1247},
  doi = {10.1016/j.celrep.2019.11.025},
  url = {http://www.sciencedirect.com/science/article/pii/S2211124719314962},
  urldate = {2019-12-20},
  journal = {Cell Reports},
  keywords = {axon,axon branching,axonal protein synthesis,local translation,mRNA,neural wiring,ribosomal proteins,ribosome,ribosome remodeling,Rps4x},
  language = {en},
  number = {11}
}

@article{shiraneProtrudinInducesNeurite2006,
  title = {Protrudin {{Induces Neurite Formation}} by {{Directional Membrane Trafficking}}},
  author = {Shirane, Michiko and Nakayama, Keiichi I.},
  year = {2006},
  month = nov,
  volume = {314},
  pages = {818--821},
  issn = {0036-8075, 1095-9203},
  doi = {10.1126/science.1134027},
  url = {http://science.sciencemag.org/content/314/5800/818},
  urldate = {2019-01-09},
  copyright = {American Association for the Advancement of Science},
  journal = {Science},
  keywords = {First year report,Search: initial},
  language = {en},
  number = {5800},
  pmid = {17082457}
}

@article{shiraneRolesProtrudinInterorganelle2019,
  title = {Roles of Protrudin at Interorganelle Membrane Contact Sites},
  author = {Shirane, Michiko},
  year = {2019},
  volume = {95},
  pages = {312--320},
  doi = {10.2183/pjab.95.023},
  journal = {Proceedings of the Japan Academy, Series B},
  keywords = {endoplasmic reticulum,First year report,membrane contact sites,organelle,protrudin,trafficking,ZFYVE27},
  number = {7}
}

@article{sleighAxonalTransportNeurological2019,
  title = {Axonal Transport and Neurological Disease},
  author = {Sleigh, James N. and Rossor, Alexander M. and Fellows, Alexander D. and Tosolini, Andrew P. and Schiavo, Giampietro},
  year = {2019},
  month = sep,
  pages = {1--13},
  issn = {1759-4766},
  doi = {10.1038/s41582-019-0257-2},
  url = {https://www.nature.com/articles/s41582-019-0257-2},
  urldate = {2019-10-18},
  copyright = {2019 Springer Nature Limited},
  journal = {Nature Reviews Neurology},
  language = {en}
}

@article{smithSOCS3DeletionPromotes2009,
  title = {{{SOCS3 Deletion Promotes Optic Nerve Regeneration In Vivo}}},
  author = {Smith, Patrice D. and Sun, Fang and Park, Kevin Kyungsuk and Cai, Bin and Wang, Chen and Kuwako, Kenichiro and {Martinez-Carrasco}, Irene and Connolly, Lauren and He, Zhigang},
  year = {2009},
  month = dec,
  volume = {64},
  pages = {617--623},
  issn = {0896-6273},
  doi = {10.1016/j.neuron.2009.11.021},
  url = {http://www.sciencedirect.com/science/article/pii/S0896627309009374},
  urldate = {2019-09-26},
  journal = {Neuron},
  keywords = {First year report,MOLNEURO,SIGNALING},
  number = {5}
}

@article{someyaARFGEP100GuanineNucleotideexchange2001,
  title = {{{ARF}}-{{GEP100}}, a Guanine Nucleotide-Exchange Protein for {{ADP}}-Ribosylation Factor 6},
  author = {Someya, A. and Sata, M. and Takeda, K. and {Pacheco-Rodriguez}, G. and Ferrans, V. J. and Moss, J. and Vaughan, M.},
  year = {2001},
  month = feb,
  volume = {98},
  pages = {2413--2418},
  issn = {0027-8424, 1091-6490},
  doi = {10.1073/pnas.051634798},
  url = {http://www.pnas.org/cgi/doi/10.1073/pnas.051634798},
  urldate = {2019-03-11},
  journal = {Proceedings of the National Academy of Sciences},
  keywords = {Search: 13},
  language = {en},
  number = {5}
}

@article{stahlProteomicAnalysisCathepsin2007,
  title = {Proteomic Analysis of Cathepsin {{B}} and {{L}}-Deficient Mouse Brain Lysosomes},
  author = {Stahl, Sonja and Reinders, Yvonne and Asan, Esther and Mothes, Walther and Conzelmann, Ernst and Sickmann, Albert and Felbor, Ute},
  year = {2007},
  month = oct,
  volume = {1774},
  pages = {1237--1246},
  issn = {1570-9639},
  doi = {10.1016/j.bbapap.2007.07.004},
  url = {http://www.sciencedirect.com/science/article/pii/S1570963907001537},
  urldate = {2019-01-09},
  journal = {Biochimica et Biophysica Acta (BBA) - Proteins and Proteomics},
  keywords = {Cathepsin B,Cathepsin L,Cerebrum,iTRAQ™,LC-MS/MS,Lysosome,Search: Richard},
  number = {10}
}

@article{suranaEvolutionAxonalTransport2019,
  title = {The Evolution of the Axonal Transport Toolkit},
  author = {Surana, Sunaina and Villarroel-Campos, David and Lazo, Oscar M. and Moretto, Edoardo and Tosolini, Andrew P. and Rhymes, Elena R. and Richter, Sandy and Sleigh, James N. and Schiavo, Giampietro},
  year = {2019},
  volume = {n/a},
  issn = {1600-0854},
  doi = {10.1111/tra.12710},
  url = {https://onlinelibrary.wiley.com/doi/abs/10.1111/tra.12710},
  urldate = {2019-11-18},
  journal = {Traffic},
  keywords = {Axonal transport,dynein,imaging,kinesin,mitochondria,signalling endosome},
  language = {en},
  number = {n/a}
}

@article{tedeschiCalciumChannelSubunit2016,
  title = {The {{Calcium Channel Subunit Alpha2delta2 Suppresses Axon Regeneration}} in the {{Adult CNS}}},
  author = {Tedeschi, Andrea and Dupraz, Sebastian and Laskowski, Claudia J. and Xue, Jia and Ulas, Thomas and Beyer, Marc and Schultze, Joachim L. and Bradke, Frank},
  year = {2016},
  month = oct,
  volume = {92},
  pages = {419--434},
  issn = {0896-6273},
  doi = {10.1016/j.neuron.2016.09.026},
  url = {http://www.sciencedirect.com/science/article/pii/S0896627316305852},
  urldate = {2019-05-31},
  journal = {Neuron},
  keywords = {Search: 14},
  number = {2}
}

@article{tedeschiSpatialTemporalArrangement2017,
  title = {Spatial and Temporal Arrangement of Neuronal Intrinsic and Extrinsic Mechanisms Controlling Axon Regeneration},
  author = {Tedeschi, Andrea and Bradke, Frank},
  year = {2017},
  month = feb,
  volume = {42},
  pages = {118--127},
  issn = {0959-4388},
  doi = {10.1016/j.conb.2016.12.005},
  url = {http://www.sciencedirect.com/science/article/pii/S0959438816302549},
  urldate = {2019-05-31},
  journal = {Current Opinion in Neurobiology},
  keywords = {First year report,Search: 14},
  series = {Developmental Neuroscience}
}

@article{terasakiAxonalEndoplasmicReticulum2018,
  title = {Axonal Endoplasmic Reticulum Is Very Narrow},
  author = {Terasaki, Mark},
  year = {2018},
  month = feb,
  volume = {131},
  pages = {jcs210450},
  issn = {0021-9533, 1477-9137},
  doi = {10.1242/jcs.210450},
  url = {http://jcs.biologists.org/content/131/4/jcs210450},
  urldate = {2019-01-11},
  copyright = {\textcopyright{} 2018. Published by The Company of Biologists Ltd},
  journal = {J Cell Sci},
  keywords = {Search: initial},
  language = {en},
  number = {4},
  pmid = {29361544}
}

@article{terasakiMicrotubulesEndoplasmicReticulum1986,
  title = {Microtubules and the Endoplasmic Reticulum Are Highly Interdependent Structures.},
  author = {Terasaki, M. and Chen, L. B. and Fujiwara, K.},
  year = {1986},
  month = oct,
  volume = {103},
  pages = {1557--1568},
  publisher = {{The Rockefeller University Press}},
  issn = {0021-9525},
  doi = {10.1083/jcb.103.4.1557},
  url = {https://rupress.org/jcb/article/103/4/1557/13515/Microtubules-and-the-endoplasmic-reticulum-are},
  urldate = {2020-05-27},
  journal = {Journal of Cell Biology},
  language = {en},
  number = {4}
}

@techreport{theroyalcollegeofophthalmologistsWayForwardOptions2015,
  title = {The {{Way Forward}}: {{Options}} to Help Meet Demand for the Current and Future Care of Patients with Eye Disease: {{Glaucoma}}},
  author = {{The Royal College of Ophthalmologists}},
  year = {2015},
  url = {https://www.rcophth.ac.uk/wp-content/uploads/2015/10/RCOphth-The-Way-Forward-Glaucoma-300117.pdf},
  urldate = {2019-04-02},
  keywords = {First year report}
}

@article{tuckRolesMembraneTrafficking2010,
  title = {Roles of Membrane Trafficking in Nerve Repair and Regeneration},
  author = {Tuck, Elizabeth and Cavalli, Valeria},
  year = {2010},
  volume = {3},
  pages = {209--214},
  issn = {1942-0889},
  url = {https://www.ncbi.nlm.nih.gov/pmc/articles/PMC2918758/},
  urldate = {2019-01-25},
  journal = {Communicative \& Integrative Biology},
  keywords = {Search: 4},
  number = {3},
  pmcid = {PMC2918758},
  pmid = {20714395}
}

@article{tymanskyjMAP7RegulatesAxon2018,
  title = {{{MAP7}} Regulates Axon Morphogenesis by Recruiting Kinesin-1 to Microtubules and Modulating Organelle Transport},
  author = {Tymanskyj, Stephen R and Yang, Benjamin H and Verhey, Kristen J and Ma, Le},
  editor = {Shen, Kang and Bronner, Marianne E},
  year = {2018},
  month = aug,
  volume = {7},
  pages = {e36374},
  publisher = {{eLife Sciences Publications, Ltd}},
  issn = {2050-084X},
  doi = {10.7554/eLife.36374},
  url = {https://doi.org/10.7554/eLife.36374},
  urldate = {2020-04-03},
  journal = {eLife},
  keywords = {axon growth and branching,kinesin-1,MAP7,microtubule,mitochondrial transport}
}

@article{ulloaSNAREComplexAxonal2018,
  title = {{{SNARE}} Complex in Axonal Guidance and Neuroregeneration},
  author = {Ulloa, Fausto and Cotrufo, Tiziana and Ricolo, Delia and Soriano, Eduardo and Ara{\'u}jo, Sofia J.},
  year = {2018},
  month = mar,
  volume = {13},
  pages = {386--392},
  issn = {1673-5374},
  doi = {10.4103/1673-5374.228710},
  url = {https://www.ncbi.nlm.nih.gov/pmc/articles/PMC5900491/},
  urldate = {2019-01-25},
  journal = {Neural Regeneration Research},
  keywords = {Search: 4},
  number = {3},
  pmcid = {PMC5900491},
  pmid = {29623913}
}

@article{valderramaGettingInvasiveGEP1002008,
  title = {Getting Invasive with {{GEP100}} and {{Arf6}}},
  author = {Valderrama, Ferran and Ridley, Anne J.},
  year = {2008},
  month = jan,
  volume = {10},
  pages = {16--18},
  issn = {1476-4679},
  doi = {10.1038/ncb0108-16},
  url = {https://www.nature.com/articles/ncb0108-16},
  urldate = {2019-03-11},
  copyright = {2008 Nature Publishing Group},
  journal = {Nature Cell Biology},
  keywords = {Search: 13},
  language = {en},
  number = {1}
}

@article{vanderwallDifferentialSusceptibilityRat2018,
  title = {Differential {{Susceptibility}} of {{Rat Retinal Ganglion Cell Subtypes Following Optic Nerve Crush}}},
  author = {VanderWall, Kirstin B. and Lu, Bin and Wang, Shaomei and Meyer, Jason S.},
  year = {2018},
  month = oct,
  pages = {429282},
  doi = {10.1101/429282},
  url = {https://www.biorxiv.org/content/10.1101/429282v1},
  urldate = {2019-02-11},
  copyright = {\textcopyright{} 2018, Posted by Cold Spring Harbor Laboratory. This pre-print is available under a Creative Commons License (Attribution 4.0 International), CC BY 4.0, as described at http://creativecommons.org/licenses/by/4.0/},
  journal = {bioRxiv},
  keywords = {Search: 10},
  language = {en}
}

@article{varadarajanAssemblyRepairEyetobrain2018,
  title = {Assembly and Repair of Eye-to-Brain Connections},
  author = {Varadarajan, Supraja G and Huberman, Andrew D},
  year = {2018},
  month = dec,
  volume = {53},
  pages = {198--209},
  issn = {0959-4388},
  doi = {10.1016/j.conb.2018.10.001},
  url = {http://www.sciencedirect.com/science/article/pii/S0959438818300151},
  urldate = {2019-01-23},
  journal = {Current Opinion in Neurobiology},
  keywords = {Search: 3},
  series = {Developmental {{Neuroscience}}}
}

@article{vargasWhyWallerianDegeneration2007,
  title = {Why {{Is Wallerian Degeneration}} in the {{CNS So Slow}}?},
  author = {Vargas, Mauricio E. and Barres, Ben A.},
  year = {2007},
  volume = {30},
  pages = {153--179},
  doi = {10.1146/annurev.neuro.30.051606.094354},
  url = {https://doi.org/10.1146/annurev.neuro.30.051606.094354},
  urldate = {2019-09-21},
  journal = {Annual Review of Neuroscience},
  keywords = {First year report},
  number = {1},
  pmid = {17506644}
}

@article{vieiraRab3aRab10Are2018,
  title = {Rab3a and {{Rab10}} Are Regulators of Lysosome Exocytosis and Plasma Membrane Repair},
  author = {Vieira, Otilia V.},
  year = {2018},
  month = jul,
  volume = {9},
  pages = {349--351},
  issn = {2154-1248},
  doi = {10.1080/21541248.2016.1235004},
  url = {https://doi.org/10.1080/21541248.2016.1235004},
  urldate = {2019-09-26},
  journal = {Small GTPases},
  keywords = {First year report,lysosome positioning,lysosomes,membrane traffic,plasma membrane repair,Rab proteins},
  number = {4},
  pmid = {27687479}
}

@article{vlasitsFunctionFirstClassifying2019,
  title = {Function First: Classifying Cell Types and Circuits of the Retina},
  shorttitle = {Function First},
  author = {Vlasits, Anna L and Euler, Thomas and Franke, Katrin},
  year = {2019},
  month = jun,
  volume = {56},
  pages = {8--15},
  issn = {0959-4388},
  doi = {10.1016/j.conb.2018.10.011},
  url = {http://www.sciencedirect.com/science/article/pii/S095943881830179X},
  urldate = {2019-01-23},
  journal = {Current Opinion in Neurobiology},
  keywords = {Search: 3},
  series = {Neuronal {{Identity}}}
}

@article{voelzmannConceptualViewMicrotubule2016,
  title = {A Conceptual View at Microtubule plus End Dynamics in Neuronal Axons},
  author = {Voelzmann, Andr{\'e} and Hahn, Ines and Pearce, Simon P. and {S{\'a}nchez-Soriano}, Natalia and Prokop, Andreas},
  year = {2016},
  month = sep,
  volume = {126},
  pages = {226--237},
  issn = {0361-9230},
  doi = {10.1016/j.brainresbull.2016.08.006},
  url = {http://www.sciencedirect.com/science/article/pii/S0361923016301885},
  urldate = {2018-10-11},
  journal = {Brain Research Bulletin},
  keywords = {Axons,Cytoskeleton,Microtubules,Neurons,Search: initial},
  series = {Cytoskeletal Proteins in Health and Neurodegenerative Disease}
}

@article{vukojaPresynapticBiogenesisRequires2018,
  title = {Presynaptic {{Biogenesis Requires Axonal Transport}} of {{Lysosome}}-{{Related Vesicles}}},
  author = {Vukoja, Anela and Rey, Ulises and Petzoldt, Astrid G. and Ott, Christoph and Vollweiter, Dennis and Quentin, Christine and Puchkov, Dymtro and Reynolds, Eric and Lehmann, Martin and Hohensee, Svea and Rosa, Stefanie and Lipowsky, Reinhard and Sigrist, Stephan J. and Haucke, Volker},
  year = {2018},
  month = sep,
  volume = {99},
  pages = {1216-1232.e7},
  issn = {0896-6273},
  doi = {10.1016/j.neuron.2018.08.004},
  url = {http://www.sciencedirect.com/science/article/pii/S0896627318306779},
  urldate = {2019-01-25},
  journal = {Neuron},
  keywords = {active zone,axonal transport,Drosophila,hippocampal neurons,lysosomes,neuromuscular junction,neurotransmission,Search: Richard,synapse,synaptic vesicle,transport vesicle},
  number = {6}
}

@article{welzOrchestrationCellSurface2014,
  title = {Orchestration of Cell Surface Proteins by {{Rab11}}},
  author = {Welz, Tobias and {Wellbourne-Wood}, Joel and Kerkhoff, Eugen},
  year = {2014},
  month = jul,
  volume = {24},
  pages = {407--415},
  issn = {0962-8924},
  doi = {10.1016/j.tcb.2014.02.004},
  url = {http://www.sciencedirect.com/science/article/pii/S0962892414000336},
  urldate = {2018-12-31},
  journal = {Trends in Cell Biology},
  keywords = {Crag-DENN,Evi5-TBC,motor proteins,protruding,Rab11,Rab11-FIP,Search: initial},
  number = {7}
}

@article{wengEpitranscriptomicM6ARegulation2018,
  title = {Epitranscriptomic {{m6A Regulation}} of {{Axon Regeneration}} in the {{Adult Mammalian Nervous System}}},
  author = {Weng, Yi-Lan and Wang, Xu and An, Ran and Cassin, Jessica and Vissers, Caroline and Liu, Yuanyuan and Liu, Yajing and Xu, Tianlei and Wang, Xinyuan and Wong, Samuel Zheng Hao and Joseph, Jessica and Dore, Louis C. and Dong, Qiang and Zheng, Wei and Jin, Peng and Wu, Hao and Shen, Bin and Zhuang, Xiaoxi and He, Chuan and Liu, Kai and Song, Hongjun and Ming, Guo-li},
  year = {2018},
  month = jan,
  volume = {97},
  pages = {313-325.e6},
  issn = {0896-6273},
  doi = {10.1016/j.neuron.2017.12.036},
  url = {https://www.cell.com/neuron/abstract/S0896-6273(17)31184-4},
  urldate = {2019-09-26},
  journal = {Neuron},
  keywords = {CNS axon regeneration,DRG,epitranscriptomics,First year report,Mettl14,mRNA methylation,PNS axon regeneration,protein synthesis,RGC,YTHDF1},
  language = {English},
  number = {2},
  pmid = {29346752}
}

@article{wengIntrinsicEpigeneticBarrier2017,
  title = {An {{Intrinsic Epigenetic Barrier}} for {{Functional Axon Regeneration}}},
  author = {Weng, Yi-Lan and An, Ran and Cassin, Jessica and Joseph, Jessica and Mi, Ruifa and Wang, Chen and Zhong, Chun and Jin, Seung-Gi and Pfeifer, Gerd P. and Bellacosa, Alfonso and Dong, Xinzhong and Hoke, Ahmet and He, Zhigang and Song, Hongjun and Ming, Guo-li},
  year = {2017},
  month = apr,
  volume = {94},
  pages = {337-346.e6},
  issn = {0896-6273},
  doi = {10.1016/j.neuron.2017.03.034},
  url = {https://www.cell.com/neuron/abstract/S0896-6273(17)30246-5},
  urldate = {2019-09-26},
  journal = {Neuron},
  keywords = {axon regeneration,DNA demethylation,dorsal root ganglion,epigenetic DNA modification,First year report,TDG,Tet1,Tet3},
  language = {English},
  number = {2},
  pmid = {28426967}
}

@article{wijdevenERContactSites2015,
  title = {{{ER}} Contact Sites Direct Late Endosome Transport},
  author = {Wijdeven, Ruud H. and Jongsma, Marlieke L. M. and Neefjes, Jacques and Berlin, Ilana},
  year = {2015},
  volume = {37},
  pages = {1298--1302},
  issn = {1521-1878},
  doi = {10.1002/bies.201500095},
  url = {https://onlinelibrary.wiley.com/doi/abs/10.1002/bies.201500095},
  urldate = {2020-01-07},
  copyright = {\textcopyright{} 2015 WILEY Periodicals, Inc.},
  journal = {BioEssays},
  keywords = {endosome transport,endosomes,ER,membrane contact sites,ORP1L,protrudin},
  language = {en},
  number = {12}
}

@article{wuCaenorhabditisElegansNeuronal2007,
  title = {Caenorhabditis Elegans Neuronal Regeneration Is Influenced by Life Stage, Ephrin Signaling, and Synaptic Branching},
  author = {Wu, Zilu and {Ghosh-Roy}, Anindya and Yanik, Mehmet Fatih and Zhang, Jin Z. and Jin, Yishi and Chisholm, Andrew D.},
  year = {2007},
  month = sep,
  volume = {104},
  pages = {15132--15137},
  issn = {0027-8424, 1091-6490},
  doi = {10.1073/pnas.0707001104},
  url = {https://www.pnas.org/content/104/38/15132},
  urldate = {2019-05-31},
  copyright = {\textcopyright{} 2007 by The National Academy of Sciences of the USA.                    Freely available online through the PNAS open access option.},
  journal = {Proceedings of the National Academy of Sciences},
  keywords = {axotomy,femtosecond laser,laser,microsurgery},
  language = {en},
  number = {38},
  pmid = {17848506}
}

@article{xieEndolysosomalDeficitsAugment2015,
  title = {Endolysosomal {{Deficits Augment Mitochondria Pathology}} in {{Spinal Motor Neurons}} of {{Asymptomatic fALS Mice}}},
  author = {Xie, Yuxiang and Zhou, Bing and Lin, Mei-Yao and Wang, Shiwei and Foust, Kevin D. and Sheng, Zu-Hang},
  year = {2015},
  month = jul,
  volume = {87},
  pages = {355--370},
  issn = {08966273},
  doi = {10.1016/j.neuron.2015.06.026},
  url = {https://linkinghub.elsevier.com/retrieve/pii/S0896627315005693},
  urldate = {2019-02-18},
  journal = {Neuron},
  language = {en},
  number = {2}
}

@article{xuActinSpectrinAssociated2013,
  title = {Actin, Spectrin, and Associated Proteins Form a Periodic Cytoskeletal Structure in Axons},
  author = {Xu, Ke and Zhong, Guisheng and Zhuang, Xiaowei},
  year = {2013},
  month = jan,
  volume = {339},
  pages = {452--456},
  issn = {1095-9203},
  doi = {10.1126/science.1232251},
  journal = {Science (New York, N.Y.)},
  keywords = {Actin Capping Proteins,Actin Cytoskeleton,Actins,Animals,Axons,Calmodulin-Binding Proteins,Cells; Cultured,Cytoskeleton,Dendrites,Hippocampus,Image Processing; Computer-Assisted,Microscopy; Fluorescence,Neurons,Protein Multimerization,Rats,Rats; Wistar,Search: initial,Sodium Channels,Spectrin},
  language = {eng},
  number = {6118},
  pmcid = {PMC3815867},
  pmid = {23239625}
}

@article{yalcinModelingAxonalEndoplasmic2017,
  title = {Modeling of Axonal Endoplasmic Reticulum Network by Spastic Paraplegia Proteins},
  author = {Yal{\c c}{\i}n, Belgin and Zhao, Lu and Stofanko, Martin and O'Sullivan, Niamh C and Kang, Zi Han and Roost, Annika and Thomas, Matthew R and Zaessinger, Sophie and Blard, Olivier and Patto, Alex L and Sohail, Anood and Baena, Valentina and Terasaki, Mark and O'Kane, Cahir J},
  editor = {Bellen, Hugo J},
  year = {2017},
  month = jul,
  volume = {6},
  pages = {e23882},
  issn = {2050-084X},
  doi = {10.7554/eLife.23882},
  url = {https://doi.org/10.7554/eLife.23882},
  urldate = {2019-01-11},
  journal = {eLife},
  keywords = {axon,axon degeneration,endoplasmic reticulum,hereditary spastic paraplegia,Search: initial,smooth endoplasmic reticulum,ultrastructure}
}

@article{yamashitaWeakElectricFields2015,
  title = {Weak Electric Fields Serve as Guidance Cues That Direct Retinal Ganglion Cell Axons in Vitro},
  author = {Yamashita, Masayuki},
  year = {2015},
  month = dec,
  volume = {4},
  pages = {83--88},
  issn = {2405-5808},
  doi = {10.1016/j.bbrep.2015.08.022},
  url = {http://www.sciencedirect.com/science/article/pii/S2405580815000795},
  urldate = {2019-02-06},
  journal = {Biochemistry and Biophysics Reports},
  keywords = {Axon guidance,Electric field,Embryonic retina,Galvanotropism,Retinal ganglion cell,Voltage gradient}
}

@article{yangRescueGlaucomatousNeurodegeneration2016,
  title = {Rescue of {{Glaucomatous Neurodegeneration}} by {{Differentially Modulating Neuronal Endoplasmic Reticulum Stress Molecules}}},
  author = {Yang, L. and Li, S. and Miao, L. and Huang, H. and Liang, F. and Teng, X. and Xu, L. and Wang, Q. and Xiao, W. and Ridder, W. H. and Ferguson, T. A. and Chen, D. F. and Kaufman, R. J. and Hu, Y.},
  year = {2016},
  month = may,
  volume = {36},
  pages = {5891--5903},
  issn = {0270-6474, 1529-2401},
  doi = {10.1523/JNEUROSCI.3709-15.2016},
  url = {http://www.jneurosci.org/cgi/doi/10.1523/JNEUROSCI.3709-15.2016},
  urldate = {2020-05-27},
  journal = {Journal of Neuroscience},
  language = {en},
  number = {21}
}

@article{yaoEpigeneticMechanismsNeurogenesis2016,
  title = {Epigenetic Mechanisms in Neurogenesis},
  author = {Yao, Bing and Christian, Kimberly M. and He, Chuan and Jin, Peng and Ming, Guo-li and Song, Hongjun},
  year = {2016},
  month = sep,
  volume = {17},
  pages = {537--549},
  issn = {1471-0048},
  doi = {10.1038/nrn.2016.70},
  url = {https://www.nature.com/articles/nrn.2016.70},
  urldate = {2019-09-26},
  copyright = {2016 Nature Publishing Group},
  journal = {Nature Reviews Neuroscience},
  keywords = {First year report},
  language = {en},
  number = {9}
}

@incollection{yinVitroVivoMethods2018,
  title = {In {{Vitro}} and {{In Vivo Methods}} for {{Studying Retinal Ganglion Cell Survival}} and {{Optic Nerve Regeneration}}},
  booktitle = {Glaucoma: {{Methods}} and {{Protocols}}},
  author = {Yin, Yuqin and Benowitz, Larry I.},
  editor = {Jakobs, Tatjana C.},
  year = {2018},
  pages = {187--205},
  publisher = {{Springer New York}},
  address = {{New York, NY}},
  doi = {10.1007/978-1-4939-7407-8_16},
  url = {https://doi.org/10.1007/978-1-4939-7407-8_16},
  urldate = {2019-01-28},
  isbn = {978-1-4939-7407-8},
  keywords = {Axon regeneration,Cell culture,Cell signaling mechanisms,Explants,Glaucoma,Optic nerve,Quantitative methods,Retina,Retinal ganglion cells,Search: Keith,Trophic factors},
  language = {en},
  series = {Methods in {{Molecular Biology}}}
}

@article{yoonLocalTranslationMRNA2009,
  title = {Local {{Translation}} and {{mRNA Trafficking}} in {{Axon Pathfinding}}},
  author = {Yoon, Byung C. and Zivraj, Krishna H. and Holt, Christine E.},
  year = {2009},
  volume = {48},
  pages = {269--288},
  issn = {0080-1844},
  doi = {10.1007/400_2009_5},
  url = {https://www.ncbi.nlm.nih.gov/pmc/articles/PMC3682209/},
  urldate = {2019-08-08},
  journal = {Results and problems in cell differentiation},
  keywords = {First year report},
  pmcid = {PMC3682209},
  pmid = {19343311}
}

@article{zhangElevatingGrowthFactor2019,
  title = {Elevating {{Growth Factor Responsiveness}} and {{Axon Regeneration}} by {{Modulating Presynaptic Inputs}}},
  author = {Zhang, Yiling and Williams, Philip R. and Jacobi, Anne and Wang, Chen and Goel, Anurag and Hirano, Arlene A. and Brecha, Nicholas C. and Kerschensteiner, Daniel and He, Zhigang},
  year = {2019},
  month = may,
  issn = {1097-4199},
  doi = {10.1016/j.neuron.2019.04.033},
  journal = {Neuron},
  keywords = {Search: Richard},
  language = {eng},
  pmid = {31122676}
}

@article{zhangRNASequencingTranscriptomeSplicing2014,
  title = {An {{RNA}}-{{Sequencing Transcriptome}} and {{Splicing Database}} of {{Glia}}, {{Neurons}}, and {{Vascular Cells}} of the {{Cerebral Cortex}}},
  author = {Zhang, Ye and Chen, Kenian and Sloan, Steven A. and Bennett, Mariko L. and Scholze, Anja R. and O'Keeffe, Sean and Phatnani, Hemali P. and Guarnieri, Paolo and Caneda, Christine and Ruderisch, Nadine and Deng, Shuyun and Liddelow, Shane A. and Zhang, Chaolin and Daneman, Richard and Maniatis, Tom and Barres, Ben A. and Wu, Jia Qian},
  year = {2014},
  month = sep,
  volume = {34},
  pages = {11929--11947},
  issn = {0270-6474, 1529-2401},
  doi = {10.1523/JNEUROSCI.1860-14.2014},
  url = {https://www.jneurosci.org/content/34/36/11929},
  urldate = {2019-09-20},
  copyright = {Copyright \textcopyright{} 2014 the authors 0270-6474/14/3411929-19\$15.00/0},
  journal = {Journal of Neuroscience},
  keywords = {alternative splicing,astrocytes,First year report,microglia,oligodendrocytes,transcriptome,vascular cells},
  language = {en},
  number = {36},
  pmid = {25186741}
}

@article{zhengCRISPRInterferencebasedSpecific2018,
  title = {{{CRISPR}} Interference-Based Specific and Efficient Gene Inactivation in the Brain},
  author = {Zheng, Yi and Shen, Wei and Zhang, Jian and Yang, Bo and Liu, Yao-Nan and Qi, Huihui and Yu, Xia and Lu, Si-Yao and Chen, Yun and Xu, Yu-Zhou and Li, Yun and Gage, Fred H. and Mi, Shuangli and Yao, Jun},
  year = {2018},
  month = mar,
  volume = {21},
  pages = {447--454},
  issn = {1097-6256, 1546-1726},
  doi = {10.1038/s41593-018-0077-5},
  url = {http://www.nature.com/articles/s41593-018-0077-5},
  urldate = {2019-10-23},
  journal = {Nature Neuroscience},
  language = {en},
  number = {3}
}

@article{zhouFacilitationAxonRegeneration2016,
  title = {Facilitation of Axon Regeneration by Enhancing Mitochondrial Transport and Rescuing Energy Deficits},
  author = {Zhou, Bing and Yu, Panpan and Lin, Mei-Yao and Sun, Tao and Chen, Yanmin and Sheng, Zu-Hang},
  year = {2016},
  month = jul,
  volume = {214},
  pages = {103--119},
  issn = {0021-9525, 1540-8140},
  doi = {10.1083/jcb.201605101},
  url = {http://jcb.rupress.org/content/214/1/103},
  urldate = {2019-09-26},
  copyright = {. This article is distributed under the terms of an Attribution\textendash Noncommercial\textendash Share Alike\textendash No Mirror Sites license for the first six months after the publication date (see http://www.rupress.org/terms). After six months it is available under a Creative Commons License (Attribution\textendash Noncommercial\textendash Share Alike 3.0 Unported license, as described at http://creativecommons.org/licenses/by-nc-sa/3.0/).},
  journal = {The Journal of Cell Biology},
  keywords = {First year report},
  language = {en},
  number = {1},
  pmid = {27268498}
}


